2754 4602
1074 329 1116 393 25

68 494 97 540 et
110 501 288 560 nonpamm
299 480 419 541 taedere
431 486 514 542 istius
525 488 641 558 generis
652 471 809 544 hominnm
820 445 1013 562 perdiiornm.
1046 485 1115 540 lloe

69 594 137 630 sane
157 579 293 631 nuntium
315 578 371 631 fuit
393 595 465 632 vere
481 578 683 648 Evnngelion,
707 581 739 634 id
760 589 821 648 est,
846 581 956 634 laetum
980 577 1117 633 nuntium

67 667 146 720 cordi
156 683 236 720 meo.
271 667 375 740 Quare
392 667 439 722 his
456 667 550 722 literis
567 679 724 738 prosterno
739 685 789 723 me
805 668 931 740 pedibus
949 666 1117 738 Majestatis

66 766 146 824 tuae,
171 767 316 828 quantum
332 773 460 827 possum
476 757 639 812 humillime
647 798 657 826 ‚
674 769 705 813 et
719 777 775 830 per
790 759 903 814 Christi
921 775 1070 825 amorem,
1088 757 1116 824 ¹)

68 861 185 900 erucem
202 857 232 900 et
248 849 371 916 gloriam
388 865 445 900 oro
463 857 492 900 et
507 847 658 915 obsecro,
679 847 825 918 Maiestas
841 857 890 902 tua
903 849 1039 918 dignetur
1049 831 1124 910 sese»

66 937 254 1003 submittere,
278 947 308 990 et
328 938 447 990 veniam
468 937 594 1004 donare,
617 939 646 993 in
672 939 900 1010 quibuscunque
925 939 1116 1010 Majestatern

66 1037 141 1080 tuam
159 1013 249 1095 laedi,
266 1028 345 1082 sicut
360 1027 500 1084 Christus
516 1029 630 1096 oravit,
648 1037 679 1084 et
693 1029 841 1102 dimittere
857 1029 955 1083 debita
971 1045 1028 1084 nos
1041 1047 1116 1100 quo.

67 1135 119 1188 que
135 1118 265 1170 invicem
277 1117 379 1187 jussit.

128 1232 248 1286 Deinde
265 1233 292 1286 si
309 1233 461 1302 Majestati
485 1244 551 1288 tuae
575 1235 782 1316 serenies'nnae
803 1251 864 1290 non
881 1233 1029 1290 videbitur
1045 1251 1117 1289 con.

70 1323 273 1392 temnendum,
291 1331 325 1376 ut
342 1323 398 1376 alio
415 1323 515 1376 libello
532 1323 656 1394 publico
671 1325 847 1396 palinodiam
865 1333 1000 1392 cantem,
1018 1333 1046 1376 et
1063 1341 1119 1378 no.

68 1429 134 1468 men
145 1413 316 1482 Majestatis
333 1425 407 1482 tuae,
416 1430 521 1468 rursus
537 1413 703 1480 honorem,
720 1416 769 1469 det
786 1415 858 1470 mihi
876 1415 1049 1468 clementem
1068 1414 1118 1467 ali.-

60 1505 192 1574 'quam2)
211 1503 471 1572 significationem:
488 1515 550 1558 tum
563 1506 593 1558 in
603 1522 652 1558 me
669 1519 753 1558 mora
769 1523 830 1559 non
847 1505 902 1559 erit
919 1506 994 1572 ulla,
1013 1505 1118 1558 inciam

67 1593 134 1647 illud
145 1593 351 1648 libentissime.
385 1593 531 1667 Quamvis
548 1597 628 1649 enim
641 1593 671 1662 3)
688 1597 748 1650 sim
759 1595 855 1650 homo
871 1595 972 1660 nihili,
990 1595 1025 1647 ad
1036 1605 1119 1648 nram

7 1743 8 1746 J
67 1676 299 1754 ttajestnemt)
313 1699 515 1754 comparatus,
528 1695 627 1738 tamen
639 1703 699 1740 non
712 1702 816 1757 parum
829 1687 944 1741 tructus
952 1685 1116 1754 Evangelio

7 1767 9 1792 ’
68 1785 93 1827 et
107 1777 218 1843 gloriae
236 1774 298 1848 Dei
315 1775 387 1828 hinc
404 1791 525 1871 sperare
541 1775 659 1844 licebit,
676 1775 701 1830 ei
717 1777 791 1832 mihi
809 1778 845 1830 ad
861 1777 984 1846 Regem
993 1776 1119 1845 Angliae

69 1865 217 1920 scribendi
235 1843 272 1918 de
290 1881 380 1920 causa
395 1836 548 1952 Evangelii
565 1859 590 1932 ⁵)
609 1868 698 1921 tuerit
716 1867 802 1938 copia
817 1868 903 1922 facta.

129 1980 256 2036 interim
271 1978 461 2050 Majestatem
480 1989 577 2050 tuam,
588 1989 629 2035 ιιι
645 1983 761 2054 coepit,
780 1982 933 2038 Dominus
950 1991 1068 2052 augeat,
1084 1989 1120 2036 ιιι

69 2071 154 2142 pleno
170 2071 279 2142 spiritu
295 2079 326 2124 et
342 2071 438 2126 faveat
453 2080 484 2124 et
501 2071 618 2126 obediat
627 2064 653 2134 ⁶)
665 2071 851 2142 Evangelio,
868 2090 924 2128 nec
943 2073 1018 2128 sinat
1031 2088 1118 2126 auree

70 2161 175 2230 regias
166 2171 209 2215 et
225 2161 357 2214 animum·
371 2161 514 2232 occupari
530 2160 736 2232 pestilentibus
753 2163 922 2218 sirenarum
932 2154 962 2228 Ι”)
981 2162 1119 2229 vocibus,

74 2267 146 2320 quae
161 2251 234 2304 nihil
256 2249 315 2306 nisi
334 2249 517 2304 haereticum
533 2251 702 2332 Lutherum
723 2253 879 2308 vociferari
900 2263 1020 2308 norunt.
1053 2251 1122 2306 Tua

73 2357 146 2392 vero
163 2339 306 2408 Majestas
323 2339 400 2412 apud
417 2357 485 2394 sese
496 2341 629 2408 cogitet,
651 2341 789 2410 quidnam
806 2341 874 2394 mali
890 2334 1045 2411 possim⁸)
1061 2341 1123 2394 do.
1180 2359 1184 2367 ’
1225 2383 1229 2392 .

7 2443 8 2452 ’
73 2445 158 2498 cere,
175 2431 223 2501 qui
241 2429 318 2484 aliud
335 2428 409 2484 nihil
427 2431 566 2500 doceam,
583 2447 673 2502 quam
689 2430 745 2486 fide
761 2432 840 2484 Jesu
857 2421 965 2484 Christi
983 2429 1032 2483 filii
1048 2431 1120 2496 Dei,

7 2505 8 2582 J
68 2539 124 2594 pro
139 2523 228 2577 nobis
245 2523 326 2592 passi
344 2531 374 2576 et
388 2523 535 2590 suscitati,
552 2537 609 2578 nos
625 2516 652 2590 9)
669 2523 769 2578 salros
786 2523 850 2576 fieri
866 2531 1022 2594 oportere,
1043 2521 1123 2576 sicut

7 2655 8 2678 J
67 2622 213 2672 terantur
226 2613 389 2682 Evangelia
411 2623 441 2668 et
459 2611 613 2704 Epistolae
630 2613 858 2696 Apostolorum.
892 2613 960 2668 Hoc
978 2612 1055 2667 enim
1077 2621 1123 2668 eet
1158 2661 1162 2668 ,

7 2733 8 2752 1
66 2713 155 2772 eaput
180 2711 211 2758 et
236 2687 458 2758 fundamentum
484 2689 639 2758 doctrinae
665 2719 750 2758 meae
758 2743 767 2776 ,
796 2719 887 2775 super
912 2703 993 2774 quod
1018 2713 1122 2772 postea

67 2793 191 2848 aedifico
208 2801 240 2846 et
257 2792 354 2846 doceo
372 2793 545 2846 charitatem
561 2809 627 2861 erga
640 2793 828 2864 proximum,
846 2793 1042 2849 obedientiam
1054 2807 1123 2859 erga
1197 2801 1202 2818 ¹

7 2925 8 2942 2
66 2884 208 2954 politicos
219 2881 427 2951 Magistratus,
441 2883 741 2938 tumcrucisrxionern
754 2897 808 2937 eeu
819 2881 1127 2945 mortificationemffl)
1161 2951 1166 2966 x

7 3007 8 3036 J
69 2975 206 3048 corporis
223 2973 357 3045 peccati,
383 2985 415 3028 ut
431 2974 534 3028 itidem
550 2974 723 3044 praescribit
741 2973 876 3026 doctrina
899 2971 1068 3027 christiana.
1086 2971 1122 3038 ¹¹)

131 3088 253 3164 Quid
244 3105 274 3145 ro
299 3087 347 3142 his
371 3087 516 3158 capitibus
541 3086 691 3141 doctrinae
717 3067 875 3140 &hristiane
895 3086 937 3152 ¹²)
962 3085 1029 3139 mali
1057 3089 1123 3140 est?

7 3179 8 3244 ἶ
67 3178 260 3250 Expectetur
274 3187 389 3246 tamen,
407 3179 540 3233 audiatur
557 3187 586 3232 et
596 3175 796 3250 judiceturss)
814 3177 957 3248 primum:
976 3193 1030 3230 cur
1044 3177 1123 3230 darn.

7 3259 9 3294 ³
68 3286 139 3336 nor,
157 3285 261 3340 neque
276 3267 392 3323 auditus
408 3282 507 3344 neque
524 3268 704 3334 convictus?
737 3251 836 3339 Porro
854 3267 935 3337 quod
953 3263 1075 3320 abusum
1095 3278 1125 3320 et

69 3359 253 3428 tyrannidem
269 3358 450 3414 Pontificum
467 3368 558 3424 taxo,
577 3357 627 3427 qui
645 3359 713 3424 alia,
729 3373 821 3427 quam
839 3357 893 3410 ista
913 3357 1057 3426 praedicta
1077 3373 1124 3410 ca.

70 3450 145 3517 pita,
162 3451 226 3510 imo
245 3449 391 3504 contraria
408 3449 536 3518 docent,
555 3448 838 3512 interimcensibuS,
855 3465 998 3518 pompae,
1014 3447 1123 3500 ventri.

7 3543 8 3556 ¹
71 3537 142 3606 bos,
160 3539 231 3593 'imo
250 3538 348 3608 regnis
365 3546 394 3591 et
411 3537 652 3610 principiatibus,
678 3523 871 3615 omniumque
888 3535 994 3607 opibus
1011 3536 1123 3590 inhian.

120 3786 417 3840 onorii-amorem.
455 3787 609 3840 2)A.al.el.
647 3789 789 3840 Meum.
829 3787 852 3834 d)
866 3787 895 3836 A,
910 3785 937 3830 ad
952 3783 1124 3848 celsitudinem

73 3859 143 3905 tuan.
190 3863 213 3912 5)
228 3864 257 3905 Α.
272 3861 303 3905 de
315 3860 342 3904 E.
357 3873 377 3904 c.
422 3865 444 3910 6)
459 3865 485 3907 Α.
502 3863 539 3906 oli.
555 3865 580 3907 et
593 3855 660 3906 sau
687 3861 709 3910 7)
724 3863 752 3906 Α,
767 3859 890 3918 tlyrenum.
939 3859 1123 3912 utnpossuto.

72 3933 242 3983 itt—uos.
294 3937 327 3985 10)
346 3935 571 3981 At-seumortit.
622 3936 703 3988 1¹)23A·
718 3932 773 3980 chr.
788 3934 810 3979 d.
861 3935 894 3982 12)
909 3933 937 3976 A.
952 3930 1123 3980 doctrinarum.

72 4006 104 4059 13)
117 4011 146 4054 Λ.
159 4005 318 4066 exspectetis
331 4008 403 4053 ete·
447 4035 450 4042 -
