2650 4586
245 429 309 476 tum
331 437 386 493 per
407 422 589 507 Apostolos,
613 423 673 478 im'o
693 439 750 480 nec
774 424 928 480 Christum
952 422 1071 494 quidem
1095 415 1208 478 sufflata
1229 405 1270 474 suo

247 511 395 582 corporati
419 509 559 582 Spiritum
579 523 713 567 sanctum
739 513 853 568 dedisse
877 513 1002 577 dicetur,
1029 527 1097 566 cum
1122 511 1186 582 ipse
1208 509 1273 564 solus

158 582 161 593 ¹
246 602 332 654 Deus
350 599 484 672 spiritum
501 601 569 654 dare
587 602 692 674 possit.
726 601 755 656 Si
780 601 843 658 istis
868 601 1046 670 argumentis
1067 600 1273 672 praescivissem

246 697 275 744 te
297 689 428 753 moveri,
453 705 513 743 non
539 689 662 744 fuissem
685 697 786 744 tecum
807 699 913 762 pactus
938 690 974 746 de
995 690 1053 744 hac
1078 706 1110 746 rc
1128 678 1275 760 disputare.

246 761 326 850 Quid
343 779 421 832 enim
439 778 556 844 obstat,
573 797 634 850 quo
650 779 854 850 minuensque
867 779 1002 834 adfinem
1013 779 1135 848 mundi,
1154 779 1274 833 omnibns

244 866 329 922 horis
358 868 458 922 talium
482 879 721 936 argumentorum
746 870 836 922 mrrita
864 869 992 940 plaustra
1019 869 1188 940 producas,
1216 882 1274 938 quae

246 957 323 1010 scias
341 956 413 1010 nihil
431 957 465 1010 ad
484 959 680 1024 miniscere,
706 967 736 1012 et
758 966 874 1028 tempus
901 967 931 1012 et
956 973 1030 1028 opus
1055 957 1160 1012 melius
1178 955 1276 1010 interim

245 1045 407 1118 impedire?
439 1047 634 1118 speraveram
651 1057 819 1115 argumenta
837 1035 954 1114 audire,
980 1063 1054 1118 quae
1071 1058 1100 1100 te
1118 1053 1274 1110 moverent,

244 1153 324 1190 nunc
342 1136 413 1192 milri
432 1137 501 1192 satis
523 1137 592 1192 alias
619 1149 767 1208 occupato
791 1136 892 1190 audire
916 1137 1019 1204 datur,
1045 1153 1135 1208 quarn
1160 1137 1234 1190 varia
1255 1142 1278 1188 st

245 1225 460 1298 impertinentia
477 1237 508 1280 tu
525 1225 633 1296 fingere
650 1226 749 1298 possis
766 1235 815 1280 aut
839 1225 986 1295 cogitare,
1011 1225 1095 1297 quasi
1119 1225 1184 1282 hoc
1205 1241 1277 1279 neno

226 1349 228 1361 ·
245 1314 318 1369 alios
336 1315 432 1386 possit
449 1331 537 1387 quam
554 1325 587 1370 tu
603 1315 696 1374 solus.
719 1327 721 1350 ⁵

1262 319 1270 360 i

311 1443 411 1518 Quare
434 1454 464 1499 te
489 1445 597 1498 iterum
612 1453 693 1511 oro,
718 1453 751 1499 ut
768 1444 909 1517 deinceps
926 1443 951 1499 si
977 1446 1174 1514 argumentari
1192 1443 1278 1520 voles,

244 1535 316 1588 mihi
335 1549 456 1606 parcas,
478 1543 507 1587 et
522 1535 579 1588 hac
596 1533 732 1589 molestia
758 1533 858 1601 leves,
883 1551 920 1588 ne
938 1549 986 1588 me
1002 1535 1128 1602 doceas,
1156 1551 1227 1606 quse
1241 1547 1278 1585 ne

244 1638 335 1678 nosse
353 1633 382 1678 et
400 1623 564 1678 concedere
581 1623 681 1692 nosti,
700 1621 761 1677 hoo
779 1632 841 1688 est,
861 1641 899 1678 ne
917 1633 1047 1678 assumta
1058 1613 1214 1696 ‘proponas
1228 1634 1279 1677 tan.

245 1723 323 1782 turn,
342 1714 395 1767 sed
413 1713 566 1767 subsumta
584 1721 613 1766 et
631 1713 859 1783 consequentias
877 1713 1015 1766 discutias
1036 1722 1065 1768 et
1081 1715 1204 1784 probes.
1233 1715 1280 1766 As.

244 1817 339 1858 sunna
364 1811 412 1856 tua
430 1803 493 1854 fere
518 1800 616 1854 omnia
632 1799 784 1869 concedo,
814 1801 867 1856 sed
885 1801 1037 1856 subsumta
1061 1812 1090 1857 st
1107 1819 1279 1879 consequen.

243 1891 299 1946 tiss
318 1906 404 1959 nego.
438 1889 492 1946 His
508 1888 669 1960 probandis
685 1889 775 1943 velim
793 1899 820 1944 te
838 1889 991 1960 insudare,
1011 1893 1065 1946 sed
1080 1904 1227 1964 perpetuo
1241 1890 1280 1946 his

242 1980 384 2050 negdectis
402 1978 521 2034 insudas
538 1979 565 2032 in
584 1973 741 2048 probandis
759 1979 915 2045 assumtis,
941 1997 1016 2052 quae
1033 1997 1122 2037 nemo
1139 1993 1237 2053 negat,
1255 1989 1282 2032 ut

138 2053 160 2080 ’“
243 2070 309 2124 hic:
335 2067 472 2123 Christus
494 2067 577 2123 solus
594 2068 641 2120 dat
665 2083 752 2122 suum
774 2083 902 2139 corpus,
928 2085 997 2138 ergo
1021 2087 1077 2125 nos
1093 2087 1157 2126 aon
1175 2075 1281 2135 damus,

242 2157 361 2230 probari
374 2156 461 2211 debet
474 2155 697 2228 consequentia.
729 2155 809 2210 Nam
822 2167 985 2212 assumtum
999 2160 1193 2229 conceditur,
1209 2157 1282 2214 Chri.

242 2257 321 2304 stum
338 2264 405 2303 esse
422 2249 520 2302 solum
538 2247 670 2326 datorem
687 2245 734 2300 sui
752 2247 906 2316 corporis,
932 2248 984 2301 sed
1003 2265 1212 2322 consequens,
1235 2260 1285 2302 nos

237 2343 304 2393 ‘non
321 2338 405 2403 dare,
428 2337 489 2390 hoo
506 2335 624 2407 probari
642 2335 739 2390 debet.
773 2333 854 2389 Nam
878 2335 993 2392 etiamsi
1018 2355 1074 2392 nos
1092 2357 1157 2396 non
1174 2341 1282 2421 damus,

153 2443 168 2488 ᾗ
242 2441 341 2484 tamen
358 2425 426 2499 quis
443 2427 580 2481 Christus
598 2442 652 2497 per
675 2439 730 2480 nos
756 2424 818 2488 dat,
844 2436 925 2480 recte
950 2436 980 2480 et
1001 2443 1057 2482 nos
1081 2430 1153 2484 dare
1171 2429 1283 2502 dicimur

242 2530 382 2588 tanquam
398 2515 542 2582 ministri,
561 2515 637 2568 sicut
655 2514 891 2582 eleemosynam,
913 2531 1001 2586 quam
1018 2517 1066 2571 dat
1082 2519 1197 2588 herus,
1212 2529 1283 2578 recte

243 2617 273 2661 et
289 2621 394 2660 servus
412 2605 480 2658 dare
498 2603 605 2657 dicitur
619 2603 687 2658 heri
703 2605 748 2660 sui
760 2604 849 2674 jussu
866 2614 896 2660 et
911 2607 1061 2676 mandato,
1083 2625 1155 2670 curn
1173 2619 1204 2665 et
1217 2610 1284 2664 Pau.

243 2697 289 2748 ius
305 2693 498 2762 Evangeiium
515 2708 603 2746 suum
619 2693 712 2760 dicat,
738 2709 808 2746 cum
831 2702 929 2748 tamen
951 2695 989 2750 sit
1004 2697 1085 2764 Dei,
1109 2709 1140 2754 et
1156 2701 1285 2756 Christus

216 2767 219 2772 ¹
244 2784 408 2838 doctrinam
425 2799 510 2837 suam
526 2797 586 2835 non
603 2798 688 2836 suam
704 2783 797 2850 dicat,
821 2795 907 2854 atque
923 2787 1038 2855 maj0ra
1057 2789 1209 2844 facturum
1225 2805 1286 2861 pro-

212 2887 215 2890 ·
242 2875 331 2930 mittit
348 2891 433 2942 eum,
457 2873 637 2945 quicredit,
661 2889 751 2944 quam
776 2873 840 2944 ipse
865 2875 988 2945 fecerit,
1013 2895 1082 2932 cum
1107 2890 1206 2937 tamen
1233 2884 1287 2953 ipse

243 2966 330 3022 saciat
353 2966 382 3019 in
396 2963 485 3028 nobis¹
503 2961 609 3016 omnia.
643 2963 741 3027 Haec,
765 2961 904 3032 inquam,
928 2965 1039 3022 diluere
1059 2981 1089 3022 et
1106 2987 1288 3043 consequen.

242 3057 296 3111 tiss
321 3067 384 3110 tuas
402 3063 505 3110 contra
521 3051 587 3106 talia
606 3051 734 3106 stabilire
762 3054 902 3122 oportuit.
935 3056 1035 3125 Cogor
1050 3057 1101 3114 hic
1119 3062 1230 3116 sistere
1247 3079 1290 3115 ca.

241 3146 367 3201 lamum:
392 3159 460 3200 nam
477 3157 547 3197 curu
569 3142 627 3196 ista
649 3141 819 3211 interruptis
837 3142 952 3199 vicibus
970 3146 1101 3202 scribere
1117 3152 1171 3205 vix
1190 3163 1289 3224 potue.

243 3235 315 3301 rim,
334 3246 397 3288 turn
413 3233 475 3286 aliis
493 3230 736 3301 occupationibus
754 3229 927 3302 impeditus,
944 3243 1006 3288 tum
1019 3239 1100 3305 quod
1113 3231 1203 3296 te'rtio
1217 3241 1290 3296 Tor.

244 3338 309 3391 gam
326 3331 467 3387 vocatus,
484 3329 513 3374 et
530 3309 670 3378 inanium
688 3318 840 3388 profectus
857 3334 942 3388 sum,
961 3321 1063 3392 etjam
1082 3341 1191 3398 quarto
1207 3347 1290 3385 voca.

243 3421 291 3484 tus
308 3425 395 3476 sum,
421 3409 492 3464 volo
517 3407 633 3469 iuterim
657 3407 712 3460 ista
727 3406 784 3474 legi
809 3419 825 3460 a
847 3416 877 3472 te
901 3422 929 3464 et
945 3409 1044 3466 videte
1068 3414 1233 3472 institutum
1251 3437 1293 3472 re.

245 3500 454 3571 sponsionem,
488 3499 571 3570 plura
597 3497 647 3551 ubi
674 3495 813 3564 rediero,
831 3505 873 3560 ¹‚et
897 3514 986 3570 quam
1010 3505 1139 3574 pn'mum
1162 3519 1291 3579 potero,

146 3585 150 3596 ⁴
244 3605 455 3664 responsurus.
