2650 4586
363 251 365 262 '
455 272 592 376 aaut
792 271 795 274 ’
927 275 1096 382 'aaaa

47 434 99 480 tum
120 429 230 499 pertidia
256 431 365 488 alienos
392 413 484 500 libros
509 434 717 508 comimpendt
739 435 911 507 propagent.
952 432 1071 488 Deinde
1126 477 1130 485 .

48 518 106 584 dmp
115 521 351 590 optime.tuentur
361 520 613 593 similitudinibus,
631 507 827 596 conjecturis,
845 523 1072 597 absurditatibus

24 617 71 670 *et
86 612 249 677 argumentis
270 613 468 684 sparticulari
492 617 528 669 ad
548 617 713 670 universale
734 615 868 671 nituntur
886 613 1072 672 vitiosissirn'r

46 698 246 768 disputatores·
264 703 373 760 Nullus
389 721 462 759 vero
478 707 624 774 angustiae
643 706 887 764 conscientiarum
900 715 1070 760 nostrarum

46 787 186 846 clamantes
204 792 336 860 dignatur
352 796 466 856 attribu,
485 795 533 848 ubi
552 797 694 852 dicimus-2
709 795 792 848 Olara
809 805 964 865 apertaque
978 791 1071 846 verba

46 891 100 931 sum
112 878 233 937 Christi:
258 882 421 950 Comedz'te,
438 883 497 940 Inoo
513 866 564 938 esti
575 901 692 955 corpus
708 887 828 938 nterim:
844 883 896 937 hic
913 883 1069 938 conscita.

46 967 92 1020 tiae
106 968 246 1042 (inquam)
261 985 378 1028 nostrae
396 969 498 1044 caprae
516 985 596 1028 sunt.
624 963 792 1028 'hlonstruri
806 974 942 1043 cupimus
955 973 1068 1040 locum,

46 1059 86 1128 qui
100 1069 178 1134 cogat
194 1071 331 1118 nostrum
348 1079 468 1118 sensum
484 1069 515 1118 in
530 1063 578 1117 his
604 1063 704 1118 verbis
731 1079 797 1121 esse
822 1065 943 1131 falsum:¹
965 1073 993 1115 at
1018 1063 1069 1116 hic

46 1165 116 1203 neme
131 1151 327 1207 hiscitintot
340 1154 421 1208 libris
435 1171 547 1210 eorum.
582 1154 847 1224 Objiciuntnobis,
866 1170 983 1208 carnem
997 1151 1070 1206 nihil
1154 1205 1161 1212 ,

47 1240 186 1310 prodesse,
205 1241 308 1298 at'hoc
324 1243 508 1300 sciebamus:
527 1246 702 1316 'quaerimus
721 1244 815 1311 aliud,
833 1261 940 1314 nentpe
958 1244 994 1296 de
1011 1243 1069 1296 isto
1120 1309 1122 1314 .

46 1328 114 1384 loeo:
139 1333 210 1386 Hoc
226 1339 274 1388 est
288 1351 404 1404 eorpus
419 1351 531 1389 meum.
564 1335 734 1404 objiciunt,
761 1335 918 1390 absurdum
935 1349 1022 1400 esse,
1036 1327 1071 1385 'at
1090 1354 1095 1360 ·

45 1417 92 1471 hoe
106 1439 222 1494 qnoque
239 1422 419 1491 sciebamus,
439 1425 492 1486 sed
509 1423 583 1479 aliud
601 1425 781 1495 ‹praeritnus
814 1421 967 1497 objiciunt
983 1423 1069 1476 mira.

46 1509 97 1560 cula
119 1501 317 1590 visibilia„et·
336 1513 397 1568 hoc
423 1513 606 1570 sciebamus:
633 1515 801 1586 quaerimus
826 1514 911 1568 aliud.
942 1514 1068 1584 =Semper
1144 1528 1148 1536 ·

45 1599 106 1654 alind
123 1603 270 1668 occinunt,
289 1620 376 1674 qnam
390 1605 474 1674 quod
490 1604 668 1674 quaerimus.
703 1604 880 1678 Quaerimus
896 1605 993 1674 quael
1010 1601 1069 1672 ipsi

45 1689 150 1746 reddunt
162 1693 222 1747 bie.
255 1693 455 1750 Nihilominus
464 1695 592 1775 jactant,
609 1697 665 1748 nos
679 1713 737 1750 non
750 1695 885 1774 prodire,
902 1711 1000 1764 neque
1014 1707 1070 1746 eos

44 1785 190 1838 consulares
228 1784 347 1852 Fateor,
365 1783 388 1837 si
406 1785 514 1862 multos
531 1785 622 1840 libros
641 1786 773 1840 scribere
791 1793 836 1840 est
854 1785 959 1853 dogma
976 1784 1070 1850 uteri,
1120 1832 1126 1838 .

43 1872 162 1928 nimbum
179 1874 218 1928 itti
235 1875 414 1951 triumphant
433 1876 519 1929 etiam
536 1891 627 1946 super
642 1887 734 1929 totam
752 1869 939 1946 Scripturam.
974 1871 1004 1928 Si
1021 1885 1069 1926 aut.

45 1967 91 2014 tem
107 1963 209 2032 dogma
226 1965 299 2018 tueri
318 1955 362 2019 est
377 1967 554 2034 argumentis
572 1967 672 2022 solidis
690 1983 836 2042 pugnare,
862 1975 891 2020 et
912 1965 1070 2019 conserent

44 2049 85 2102 tias
99 2067 216 2107 secirras
232 2054 374 2122 reddere,
395 2071 503 2131 verum⁴
516 2065 578 2122 est,
599 2055 665 2111 illos
684 2055 809 2109 necdum
828 2071 914 2108 unam
931 2053 1069 2125 coepisse

46 2139 347 2199 chartulamscribere.
645 2157 647 2160 ⁴
708 2149 711 2158 '

78 2233 171 2287 ¹Hanc
191 2234 362 2304 epistolam,
380 2252 420 2288 mr
413 2232 548 2302 Secerr
566 2235 631 2288 ideo
649 2234 684 2288 ad
702 2244 730 2288 te
749 2234 868 2300 scribo,
886 2243 919 2288 ut
935 2249 959 2287 si
977 2231 1073 2285 editu

46 2335 87 2371 rus
101 2339 127 2377 es
143 2327 242 2378 denuo
260 2337 372 2378 tomum
387 2326 466 2378 illum
480 2335 634 2417 quartum,
653 2323 788 2413 omnibus
802 2323 896 2377 modis
909 2339 972 2374 eam
985 2340 1069 2402 prae.

44 2409 157 2476 duneval
174 2415 353 2482 submotae,
379 2422 409 2467 ut
433 2415 469 2470 sit
493 2391 549 2468 lect
539 2414 597 2468 tori
619 2414 645 2467 in
662 2408 731 2467 meo
749 2413 824 2466 libro
842 2399 1005 2466 antidotum
1022 2398 1070 2464 ad

44 2518 130 2558 reisue
152 2505 264 2560 Bucari
289 2505 407 2578 praef
380 2524 386 2557 t
401 2521 514 2559 ionem
543 2522 575 2558 ea
601 2521 674 2558 vero
702 2519 790 2559 causa
817 2505 972 2574 permitto,
1001 2503 1071 2556 edas

43 2590 135 2646 duceri
152 2611 271 2648 versam
288 2595 459 2663 Postillatn,
476 2595 554 2665 quod
572 2593 619 2659 (ut
635 2583 823 2662 dixu-ricius
839 2593 905 2665 styli
921 2604 950 2648 et
966 2595 1071 2646 dextre
1142 2669 1144 2674 Ι
1191 2607 1217 2647 ·,
1309 2625 1311 2630 .

14 2735 15 2742 ,
43 2685 157 2738 vertendi
173 2684 254 2738 dono
272 2701 325 2755 per
341 2671 502 2757 bonitatem
517 2685 579 2740 Dei
597 2686 705 2756 pollet,
730 2687 840 2740 utinam
863 2695 960 2753 gemus
983 2689 1072 2751 agno&
1099 2745 1102 2756 Ι

43 2782 140 2828 sceret:
169 2759 293 2840 deinde,
321 2776 402 2846 quod
427 2791 460 2828 ea
486 2773 546 2845 ipsa
571 2776 747 2847 praefatione
773 2775 845 2828 mihi
871 2774 1072 2838 testimonium

43 2859 179 2931 perhibet,
199 2879 266 2917 esse
284 2879 331 2918 me
348 2864 555 2918 vehementem
572 2865 772 2926 aduersarium
793 2881 862 2920 suae
879 2873 996 2936 sectae,
1015 2866 1072 2927 (at.

43 2959 90 3015 que·
103 2953 211 3006 utinam
222 2953 277 3023 per*
290 2943 403 3022 negotia
414 2953 517 3008 liceret
528 2968 593 3008 esse
604 2952 886 3016 vehementiorem),
903 2966 1072 3024 quanquam
1120 2964 1130 2974 ·‘

41 3039 98 3093 vetti
113 3028 286 3097 rem'vtaart
302 3043 551 3100 tavteatimmam
566 3043 842 3107 dissensionum,
861 3041 986 3112 denique
1000 3041 1073 3092 arra

43 3125 95 3181 idei
106 3132 263 3200 jacturam.
281 3131 345 3186 δίο
360 3133 440 3190 enim
457 3132 546 3188 sentit
562 3132 610 3188 ille
628 3133 764 3202 spiritns,
779 3129 876 3208 xtidem
893 3147 954 3185 nou
971 3130 1071 3200 perdi,

42 3216 61 3268 si
76 3219 209 3275 Christus
225 3222 352 3276 mendax
377 3221 406 3276 in
431 3221 529 3276 verbis
556 3221 616 3276 suis
641 3219 878 3290 blasphemetur,
904 3218 1074 3292 quo‘argn.

41 3321 131 3364 mento
148 3311 219 3366 satis
237 3313 379 3378 declarat,
395 3329 453 3382 qua
471 3309 824 3379 aestimatione‘dignetur
834 3311 985 3365 Christum
1003 3307 1073 3386 cath

42 3407 93 3453 toto
106 3418 164 3458 suo
175 3419 276 3470 regno.
310 3401 390 3458 Nam
402 3419 471 3456 oum
487 3403 623 3476 utrinque
641 3401 791 3455 Christum
808 3401 853 3455 sio
868 3413 896 3456 et
912 3401 954 3455 sic
972 3401 1072 3454 dicere

42 3493 260 3559 contendamus,
287 3493 402 3564 sintque
420 3501 453 3546 ea
472 3492 643 3560 contrariu,
657 3507 780 3547 necesse
797 3501 860 3556 est,
885 3499 934 3548 aut
949 3485 1005 3544 no's
1023 3498 1074 3546 aut

41 3575 99 3632 illos
113 3581 233 3635 Christo
256 3581 282 3634 fa
283 3577 361 3634 leuitt
383 3591 411 3636 et
433 3580 616 3649 mendacium
641 3581 811 3650 impingere
837 3581 902 3637 Sed
920 3577 1072 3635 Christum

42 3669 202 3726 mendacem
223 3672 334 3740 facere,
360 3669 385 3726 §i
409 3673 470 3726 hoc
494 3687 554 3727 non
580 3679 624 3723 est
646 3669 800 3748 Christum
816 3687 932 3738 negare
940 3679 970 3723 et
986 3669 1077 3722 tidem
1121 3699 1124 3705 -

42 3759 95 3825 ejus
110 3760 336 3831 blasphemare,
361 3761 431 3830 quid
448 3771 492 3820 est
509 3772 571 3818 tum
588 3741 757 3828 Christum,
782 3775 894 3844 quaeso
901 3799 911 3826 ,
937 3743 1073 3828 blasphe-

42 3854 131 3906 mare?
156 3863 215 3904 tam
231 3862 317 3905 acute
335 3853 449 3906 scilicet
466 3853 544 3910 videt
563 3851 616 3906 iste
633 3850 773 3920 spiritus,
791 3860 824 3904 ut
840 3867 904 3903 rem
920 3845 991 3903 tanti
1008 3865 1072 3902 nto.

43 3941 121 3996 menti
137 3957 195 4021 pro
213 3957 244 3995 re
261 3941 387 3998 levicula
404 3951 440 4000 et.
450 3941 569 4000 innoxia
586 3939 701 4032 habeat.
717 3940 975 4014 aequassent,
992 3940 1073 4012 quoti
