2754 4602
371 246 378 269 '
577 241 669 334 rent]
780 355 786 370 x
1101 265 1146 334 ts
1172 239 1206 321 ’.

85 420 194 475 vinum
214 419 360 490 significet
383 423 554 492 sangumem
579 424 708 489 Christi,
733 421 784 478 ubi
809 423 884 478 lraec
911 423 940 476 in
963 417 1144 494 scripturis?

85 510 201 566 Nonne
214 510 292 565 haec
308 527 390 566 mera
407 526 476 566 sunt
491 525 669 582 nugamenta
697 526 727 567 et
744 513 880 582 figmenta
897 513 1032 584 propriae
1049 512 1143 592 opini.

85 600 172 664 onis,
189 599 272 671 quasi
283 600 406 656 sufficiat
417 601 517 656 dicere
530 641 540 666 ,
555 602 628 656 mihi
641 603 757 656 videtur
767 602 907 672 poculum
918 600 1049 670 (scilicet
1060 601 1142 672 quod

82 699 132 746 est
148 705 256 744 aurum
272 699 303 744 et
318 691 489 760 argentum)
507 708 574 746 esse
591 691 760 764 symbolum
781 691 836 746 fusi
851 708 907 762 pro
923 690 1010 746 nobis
1026 693 1143 760 sangui.
1188 707 1195 738 .·

82 769 149 846 nis',
176 765 248 834 curn
273 779 343 834 ittud
361 780 400 834 sit
416 782 524 836 durum
543 789 573 834 et
590 781 735 848 solidum,
761 797 819 835 nec
837 780 970 850 fusibile,
995 789 1084 852 atque
1106 789 1141 834 ut
1177 801 1183 814 ·

80 871 205 926 nimium
222 870 402 938 admisceas,
419 871 521 924 viuum
537 869 666 939 bibitur,
682 889 744 926 nou
761 862 910 928 tunditur.'

146 975 270 1052 Quanto
295 977 407 1030 rectius
428 977 537 1031 veteris
555 977 740 1030 Testamenti
764 975 933 1032 oblationes
958 977 1036 1055 unii,
1061 967 1139 1048 qua‘e
1217 1018 1222 1032 ,

80 1065 297 1134 fundebantur,
322 1077 423 1122 esseut
449 1069 508 1121 fusi
526 1067 676 1138 sauguinis
699 1065 879 1138 symbolum.
913 1065 971 1120 Sed
988 1065 1046 1120 sint
1061 1066 1138 1122 haec

80 1153 168 1212 nihii:
186 1172 305 1211 summa
323 1166 388 1222 est,
411 1165 444 1210 ut
461 1155 579 1228 probari
597 1156 714 1228 possit,
735 1163 798 1224 est,
819 1173 875 1227 pro
899 1155 1065 1229 significat
1088 1155 1138 1212 ul'r.

87 1247 153 1300 cubi
174 1246 286 1318 ac‘cipi:
309 1246 428 1318 probari
454 1259 550 1301 tamen
575 1264 636 1301 non
659 1245 858 1318 potest,·hoc
882 1246 951 1300 loco
974 1245 1018 1300 sic
1035 1247 1137 1319 accipi.

78 1319 151 1392 dam
166 1339 226 1392 sine
239 1337 352 1392 ratione
370 1347 399 1391 et
412 1337 560 1408 Scriptura
571 1339 632 1390 vim
649 1339 748 1391 facere
759 1335 858 1392 verbis
876 1336 1062 1407 sacrilegium
1080 1347 1135 1393 est.

144 1425 246 1515 Quare
264 1437 480 1511 per'Cbristum
497 1455 526 1496 et
543 1443 641 1497 omnia
658 1460 733 1514 quae
750 1443 779 1497 in
792 1441 915 1497 Christo
932 1441 1021 1496 chara
1039 1442 1149 1498 babe.·

75 1523 162 1598 mus,
189 1546 329 1600 rogamus
347 1532 473 1596 tratres,
497 1539 530 1584 ut
555 1530 590 1584 ab
607 1529 669 1586 hoc
691 1549 808 1599 errore,
832 1539 877 1584 tot
895 1531 985 1600 signis
1004 1531 1132 1585 indicato

77 1621 205 1676 alienum
221 1633 292 1674 esse
310 1637 326 1673 a
342 1621 457 1692 spiritu,
475 1633 532 1674 tam
551 1619 632 1676 nihiii
649 1620 828 1688 argumentis
845 1619 929 1689 nixo,
950 1603 1131 1687 ambierant,

74 1709 273 1782 desinuntque
285 1709 395 1764 animas
408 1710 571 1777 seducere,
587 1710 750 1783 periculum
762 1707 841 1766 eniiu
853 1711 956 1766 salutis
968 1711 1131 1774 annuarum

75 1799 125 1854 bic
138 1799 311 1854 maximum
327 1801 430 1869 agitur.
700 1789 708 1835 Ι
1107 1865 1112 1877 Ι
1129 1843 1137 1868 ,

138 1906 232 1980 Quod
251 1906 278 1960 si
296 1894 417 1960 omnino
430 1905 744 1974 (persuasi)'desinere
756 1907 852 1962 nolint
868 1917 991 1962 autnon
1003 1908 1130 1979 possint,
1182 1949 1186 1954 .

73 1986 174 2049 Aiiani
193 1995 303 2050 saeculi
322 1995 482 2050 furoribus·
493 1996 521 2049 id
539 1997 795 2067 comparabimus,
818 2009 848 2052 et
865 1997 906 2051 ira
921 1997 982 2052 Dei
999 2003 1133 2052 nostram

73 2085 312 2156 ingratitudinem
330 2086 496 2158 plectente,
522 2086 666 2158 tantisper
683 2087 902 2154 laborabimus,
928 2088 1026 2142 donec
1041 2088 1129 2142 mise-

77 2187 177 2230 reatur
201 2175 308 2231 nostri.
343 2176 494 2229 Damnum
516 2155 683 2230 maximum
700 2175 875 2246 putrebunt,
901 2177 1036 2232 sednon
1061 2193 1128 2252 per.

75 2256 208 2319 rmcent'.
236 2265 338 2340 Quod
347 2263 528 2332 Zwinglius,
551 2263 626 2318 vel
619 2263 694 2332 ipsi,
719 2263 813 2318 verbo
835 2279 903 2318 meo
921 2265 1126 2334 offenduntur,

76 2355 160 2426 quod
176 2355 247 2410 dixi:
266 2354 307 2414 23
325 2352 388 2414 nni
404 2353 472 2418 rent
489 2351 566 2418 itone
584 2355 641 2407 wad
659 2348 819 2416 tdttbtrtt,
837 2352 941 2406 doleo:
959 2353 1129 2442 significant

72 2444 153 2499 enim
167 2445 310 2499 nonnullo
335 2443 423 2498 animi
438 2443 546 2498 morbo
563 2440 752 2496 laborarem
770 2456 836 2494 me.
861 2457 916 2494 cur
940 2441 994 2512 ipsi
1005 2431 1129 2530 jactant
1216 2510 1221 2520 ι

67 2536 275 2605 experimenta
292 2534 382 2594 fidei?
406 2535 455 2588 An
469 2549 531 2588 non
554 2537 601 2586 est
617 2530 831 2587 fastuosissima
849 2531 907 2586 itta
911 2548 991 2602 vox,
1017 2534 1044 2590 si
1062 2550 1126 2594 car

67 2643 138 2681 nem
153 2627 300 2718 spectes?
324 2623 436 2678 Verum
452 2622 662 2690 saluberrima,
688 2622 714 2678 si
731 2639 803 2676 vera
819 2623 875 2691 sit,
893 2621 985 2678 Petro
1003 2635 1123 2693 autore,

65 2717 116 2788 qui
123 2719 199 2774 vuit
216 2729 274 2770 nos
291 2714 336 2769 sic
351 2713 445 2785 loqui,
466 2723 501 2767 ut
517 2712 590 2766 certi
607 2727 722 2779 sumus,
737 2711 863 2768 verbum
879 2711 939 2768 Dei
956 2731 1013 2770 nos
1032 2716 1122 2798 loqui.

66 2805 134 2882 Qua
159 2793 343 2861 certitudine
367 2804 425 2859 nisi
449 2803 504 2874 ipsi
527 2802 628 2857 inanes
651 2812 771 2869 esseut,
795 2817 892 2856 meam
915 2805 1124 2861 certitudinem

65 2909 95 2952 et
110 2897 252 2952 fiduciam
263 2907 325 2949 nou
336 2893 380 2948 sic
392 2895 572 2948 damnarent.
607 2879 687 2966 Quid
705 2901 752 2946 est
768 2907 872 2946 eorum
884 2895 1122 2964 experimentum

68 2987 132 3042 [idei
157 2994 189 3040 et
206 2985 326 3055 spiritus
351 2983 574 3048 testimouium,
596 2981 620 3036 si
640 2981 706 3034 talia
724 2982 760 3035 de
776 2981 863 3039 uobis
875 2984 1008 3051 jactare,
1034 2993 1063 3037 et
1085 2985 1138 3038 ab.

66 3081 127 3132 diis
153 3073 258 3130 audire
279 3074 387 3144 jactata
410 3089 473 3126 non
497 3066 713 3142 possirnus21)
741 3067 852 3126 Verum
869 3072 953 3142 plura
977 3070 1055 3126 dabit
1071 3089 1146 3128 res..
1214 3133 1218 3150 .

65 3170 143 3239 ipsa,
155 3181 235 3222 cum
251 3163 368 3219 tractari
386 3162 530 3233 coeperit.
565 3151 633 3214 Nos
652 3159 723 3212 certi
741 3175 844 3214 sumus
860 3176 913 3212 eos
930 3175 1046 3227 errare,
1063 3163 1120 3234 ipsi

65 3257 213 3322 viderint,
240 3262 327 3324 quam
344 3253 418 3308 certi
435 3253 509 3318 sint,
531 3265 600 3308 nese
617 3265 677 3302 non
694 3265 807 3304 errare:
829 3249 982 3306 Dominus
1000 3253 1050 3309 det
1056 3273 1066 3323 ·,
1088 3263 1120 3310 ut

66 3365 136 3402 rere
150 3363 217 3402 non
235 3353 351 3412 errent,
374 3341 515 3409 honest,
534 3340 727 3413 resipiscant,
751 3345 858 3394 Amen.

103 3481 118 3494 ··
129 3454 258 3508 Caetera
274 3459 320 3518 tu,
344 3447 386 3502 mi
405 3447 542 3514 chaseli,
568 3443 677 3512 dices,
692 3445 775 3500 vides
796 3446 875 3500 enim
892 3462 949 3502 nos
966 3464 1028 3504 non
1045 3415 1122 3508 ,nnis
1141 3419 1148 3440 ⁸

51 3553 116 3599 *aut
125 3543 217 3600 birris·
228 3540 354 3610 negotiis
370 3546 544 3608 occupatos.
576 3537 666 3590 Anno
683 3531 848 3591 MDXXV.
994 3619 1011 3628 ..

756 3639 906 3698 Martinus
922 3640 1084 3718 Luthems.

68 3774 595 3808 ......,......,.........,....-

113 3867 132 3908 tt
144 3863 191 3912 bie
206 3865 279 3915 strat
291 3859 369 3909 &tute
383 3855 428 3916 Qui
441 3860 496 3904 sunt
508 3858 569 3906 adeo
583 3855 643 3906 certi
654 3875 748 3894 ---
756 3855 850 3910 lauare
863 3853 1043 3911 nannenten·
1057 3857 1115 3912 frtri

67 3937 98 3983 tu
111 3936 229 3990 truttam
243 3932 405 3986 sttaautturt.
1113 3961 1117 3972 .
