<?xml version="1.0" encoding="UTF-8"?>
<!DOCTYPE html PUBLIC "-//W3C//DTD XHTML 1.0 Transitional//EN"
    "http://www.w3.org/TR/xhtml1/DTD/xhtml1-transitional.dtd">
<html xmlns="http://www.w3.org/1999/xhtml" xml:lang="en" lang="en">
 <head>
  <title>
</title>
<meta http-equiv="Content-Type" content="text/html;charset=utf-8" />
  <meta name='ocr-system' content='tesseract 3.04.00' />
  <meta name='ocr-capabilities' content='ocr_page ocr_carea ocr_par ocr_line ocrx_word'/>
</head>
<body>
  <div class='ocr_page' id='page_1' title='image "./briefesendschre08luthgoog/briefesendschre08luthgoog_0246.png"; bbox 0 0 2650 4586; ppageno 0'>
   <div class='ocr_carea' id='block_1_1' title="bbox 48 253 1142 1655">
    <p class='ocr_par' dir='ltr' id='par_1_1' title="bbox 48 253 1142 1655">
     <span class='ocr_line' id='line_1_1' title="bbox 308 253 1072 330; baseline 0.007 -13"><span class='ocrx_word' id='word_1_1' title='bbox 308 303 322 330; x_wconf 75' lang='grc'>,</span> <span class='ocrx_word' id='word_1_2' title='bbox 374 279 389 309; x_wconf 76' lang='lat'>0</span> <span class='ocrx_word' id='word_1_3' title='bbox 506 253 595 324; x_wconf 75' lang='lat'><strong>1527.</strong></span> <span class='ocrx_word' id='word_1_4' title='bbox 1013 256 1072 322; x_wconf 73' lang='lat'>2³5</span> 
     </span>
     <span class='ocr_line' id='line_1_2' title="bbox 57 407 1072 485; baseline 0.008 -27"><span class='ocrx_word' id='word_1_5' title='bbox 57 421 128 476; x_wconf 80' lang='lat' dir='ltr'>quarn</span> <span class='ocrx_word' id='word_1_6' title='bbox 143 407 240 479; x_wconf 79' lang='lat' dir='ltr'>insigni</span> <span class='ocrx_word' id='word_1_7' title='bbox 257 411 396 466; x_wconf 87' lang='lat' dir='ltr'>caecitate</span> <span class='ocrx_word' id='word_1_8' title='bbox 413 411 606 470; x_wconf 81' lang='lat' dir='ltr'>hiclabores.</span> <span class='ocrx_word' id='word_1_9' title='bbox 641 415 769 484; x_wconf 80' lang='lat' dir='ltr'>Timeo,</span> <span class='ocrx_word' id='word_1_10' title='bbox 785 431 823 472; x_wconf 87' lang='lat' dir='ltr'>ne</span> <span class='ocrx_word' id='word_1_11' title='bbox 840 415 883 468; x_wconf 87' lang='lat' dir='ltr'>sic</span> <span class='ocrx_word' id='word_1_12' title='bbox 901 414 929 468; x_wconf 91' lang='lat' dir='ltr'>in</span> <span class='ocrx_word' id='word_1_13' title='bbox 945 427 1072 485; x_wconf 82' lang='lat' dir='ltr'>poenam</span> 
     </span>
     <span class='ocr_line' id='line_1_3' title="bbox 55 499 1073 580; baseline 0.009 -34"><span class='ocrx_word' id='word_1_14' title='bbox 55 505 104 548; x_wconf 88' lang='lat' dir='ltr'>tam</span> <span class='ocrx_word' id='word_1_15' title='bbox 119 499 237 580; x_wconf 76' lang='lat' dir='ltr'>sacrilegi</span> <span class='ocrx_word' id='word_1_16' title='bbox 254 499 397 569; x_wconf 77' lang='lat' dir='ltr'>dogmatis</span> <span class='ocrx_word' id='word_1_17' title='bbox 414 519 577 572; x_wconf 85' lang='lat' dir='ltr'>percussus</span> <span class='ocrx_word' id='word_1_18' title='bbox 595 504 646 559; x_wconf 87' lang='lat' dir='ltr'>sis.</span> <span class='ocrx_word' id='word_1_19' title='bbox 679 507 760 576; x_wconf 78' lang='lat' dir='ltr'>Age,</span> <span class='ocrx_word' id='word_1_20' title='bbox 784 505 941 576; x_wconf 78' lang='lat' dir='ltr'>loquamur</span> <span class='ocrx_word' id='word_1_21' title='bbox 958 517 1073 562; x_wconf 86' lang='lat' dir='ltr'>erasse</span> 
     </span>
     <span class='ocr_line' id='line_1_4' title="bbox 55 581 1093 667; baseline 0.01 -31"><span class='ocrx_word' id='word_1_22' title='bbox 55 584 195 642; x_wconf 79' lang='lat' dir='ltr'>Verborum</span> <span class='ocrx_word' id='word_1_23' title='bbox 207 591 354 659; x_wconf 83' lang='lat' dir='ltr'><strong>quaedam</strong></span> <span class='ocrx_word' id='word_1_24' title='bbox 360 605 429 646; x_wconf 88' lang='lat' dir='ltr'>sunt</span> <span class='ocrx_word' id='word_1_25' title='bbox 441 581 644 664; x_wconf 79' lang='lat' dir='ltr'>Evangeiistae</span> <span class='ocrx_word' id='word_1_26' title='bbox 656 594 807 650; x_wconf 83' lang='lat' dir='ltr'>historiam</span> <span class='ocrx_word' id='word_1_27' title='bbox 821 594 985 660; x_wconf 87' lang='lat' dir='ltr'>recitantis,</span> <span class='ocrx_word' id='word_1_28' title='bbox 1003 601 1074 667; x_wconf 81' lang='lat' dir='ltr'>pute</span> <span class='ocrx_word' id='word_1_29' title='bbox 1090 591 1093 598; x_wconf 79' lang='grc'>’</span> 
     </span>
     <span class='ocr_line' id='line_1_5' title="bbox 54 661 1074 759; baseline 0.01 -32"><span class='ocrx_word' id='word_1_30' title='bbox 54 675 129 732; x_wconf 87' lang='lat' dir='ltr'>haec.</span> <span class='ocrx_word' id='word_1_31' title='bbox 143 661 270 751; x_wconf 80' lang='lat' dir='ltr'>Accepit</span> <span class='ocrx_word' id='word_1_32' title='bbox 282 695 420 752; x_wconf 75' lang='lat' dir='ltr'>patrem,</span> <span class='ocrx_word' id='word_1_33' title='bbox 433 684 563 755; x_wconf 69' lang='lat' dir='ltr'>pratitas</span> <span class='ocrx_word' id='word_1_34' title='bbox 579 685 658 757; x_wconf 71' lang='lat' dir='ltr'>cqtt,</span> <span class='ocrx_word' id='word_1_35' title='bbox 676 685 819 759; x_wconf 75' lang='lat' dir='ltr'>deditque</span> <span class='ocrx_word' id='word_1_36' title='bbox 830 681 1074 758; x_wconf 78' lang='lat' dir='ltr'>discrpuiassms</span> 
     </span>
     <span class='ocr_line' id='line_1_6' title="bbox 55 764 1075 846; baseline 0.009 -29"><span class='ocrx_word' id='word_1_37' title='bbox 55 764 155 820; x_wconf 84' lang='lat' dir='ltr'>dicens:</span> <span class='ocrx_word' id='word_1_38' title='bbox 172 769 311 844; x_wconf 75' lang='lat' dir='ltr'><strong>quaedam</strong></span> <span class='ocrx_word' id='word_1_39' title='bbox 328 781 396 826; x_wconf 86' lang='lat' dir='ltr'>suut</span> <span class='ocrx_word' id='word_1_40' title='bbox 408 772 532 845; x_wconf 84' lang='lat' dir='ltr'>Domini</span> <span class='ocrx_word' id='word_1_41' title='bbox 549 773 711 844; x_wconf 89' lang='lat' dir='ltr'>loquentis,</span> <span class='ocrx_word' id='word_1_42' title='bbox 728 783 797 846; x_wconf 83' lang='lat' dir='ltr'>puta</span> <span class='ocrx_word' id='word_1_43' title='bbox 812 773 902 840; x_wconf 82' lang='lat' dir='ltr'>haec·</span> <span class='ocrx_word' id='word_1_44' title='bbox 918 771 1075 844; x_wconf 80' lang='lat' dir='ltr'>Accipite,</span> 
     </span>
     <span class='ocr_line' id='line_1_7' title="bbox 54 857 1088 938; baseline 0.007 -30"><span class='ocrx_word' id='word_1_45' title='bbox 54 857 203 938; x_wconf 80' lang='lat' dir='ltr'>comedite,</span> <span class='ocrx_word' id='word_1_46' title='bbox 216 858 284 914; x_wconf 82' lang='lat' dir='ltr'>boe</span> <span class='ocrx_word' id='word_1_47' title='bbox 298 867 344 914; x_wconf 89' lang='lat' dir='ltr'>est</span> <span class='ocrx_word' id='word_1_48' title='bbox 367 877 499 933; x_wconf 81' lang='lat' dir='ltr'>eorpus</span> <span class='ocrx_word' id='word_1_49' title='bbox 501 871 633 919; x_wconf 82' lang='lat' dir='ltr'>meum.-</span> <span class='ocrx_word' id='word_1_50' title='bbox 627 864 714 917; x_wconf 79' lang='lat' dir='ltr'>Jam</span> <span class='ocrx_word' id='word_1_51' title='bbox 738 871 772 917; x_wconf 86' lang='lat' dir='ltr'>tu</span> <span class='ocrx_word' id='word_1_52' title='bbox 794 863 879 921; x_wconf 87' lang='lat' dir='ltr'>iuter</span> <span class='ocrx_word' id='word_1_53' title='bbox 884 863 959 920; x_wconf 87' lang='lat' dir='ltr'>haec</span> <span class='ocrx_word' id='word_1_54' title='bbox 982 860 1088 918; x_wconf 66' lang='lat' dir='ltr'>rerba</span> 
     </span>
     <span class='ocr_line' id='line_1_8' title="bbox 53 944 1078 1022; baseline 0.012 -24"><span class='ocrx_word' id='word_1_55' title='bbox 53 944 233 1017; x_wconf 79' lang='lat' dir='ltr'>Erangeiistae</span> <span class='ocrx_word' id='word_1_56' title='bbox 245 951 393 1006; x_wconf 76' lang='lat' dir='ltr'>recitantis</span> <span class='ocrx_word' id='word_1_57' title='bbox 405 953 578 1019; x_wconf 87' lang='lat' dir='ltr'>historiam,</span> <span class='ocrx_word' id='word_1_58' title='bbox 595 964 625 1007; x_wconf 90' lang='lat' dir='ltr'>et</span> <span class='ocrx_word' id='word_1_59' title='bbox 637 951 714 1006; x_wconf 82' lang='lat' dir='ltr'>inter</span> <span class='ocrx_word' id='word_1_60' title='bbox 725 953 816 1008; x_wconf 84' lang='lat' dir='ltr'>verba</span> <span class='ocrx_word' id='word_1_61' title='bbox 829 951 939 1009; x_wconf 83' lang='lat' dir='ltr'>Christi</span> <span class='ocrx_word' id='word_1_62' title='bbox 949 952 1078 1022; x_wconf 67' lang='lat' dir='ltr'>laquem</span> 
     </span>
     <span class='ocr_line' id='line_1_9' title="bbox 53 1013 1119 1114; baseline 0.008 -26"><span class='ocrx_word' id='word_1_63' title='bbox 53 1035 81 1089; x_wconf 87' lang='lat' dir='ltr'>tis</span> <span class='ocrx_word' id='word_1_64' title='bbox 94 1039 201 1114; x_wconf 80' lang='lat' dir='ltr'>aliquod</span> <span class='ocrx_word' id='word_1_65' title='bbox 217 1013 303 1112; x_wconf 83' lang='lat' dir='ltr'>ponis</span> <span class='ocrx_word' id='word_1_66' title='bbox 321 1041 507 1098; x_wconf 87' lang='lat' dir='ltr'>intervallum</span> <span class='ocrx_word' id='word_1_67' title='bbox 525 1044 697 1114; x_wconf 82' lang='lat' dir='ltr'>temporis,</span> <span class='ocrx_word' id='word_1_68' title='bbox 702 1043 731 1098; x_wconf 90' lang='lat' dir='ltr'>in</span> <span class='ocrx_word' id='word_1_69' title='bbox 747 1059 808 1114; x_wconf 91' lang='lat' dir='ltr'>quo</span> <span class='ocrx_word' id='word_1_70' title='bbox 825 1043 962 1097; x_wconf 88' lang='lat' dir='ltr'>Christus</span> <span class='ocrx_word' id='word_1_71' title='bbox 986 1042 1075 1112; x_wconf 82' lang='lat' dir='ltr'>dede.</span> <span class='ocrx_word' id='word_1_72' title='bbox 1117 1107 1119 1112; x_wconf 21' lang='lat'><strong><em>¹</em></strong></span> 
     </span>
     <span class='ocr_line' id='line_1_10' title="bbox 53 1125 1108 1218; baseline 0.005 -39"><span class='ocrx_word' id='word_1_73' title='bbox 53 1125 95 1193; x_wconf 89' lang='lat' dir='ltr'>tit,</span> <span class='ocrx_word' id='word_1_74' title='bbox 114 1140 139 1184; x_wconf 88' lang='lat' dir='ltr'>et</span> <span class='ocrx_word' id='word_1_75' title='bbox 153 1131 288 1204; x_wconf 79' lang='lat' dir='ltr'>discipuli</span> <span class='ocrx_word' id='word_1_76' title='bbox 314 1135 485 1204; x_wconf 85' lang='lat' dir='ltr'>acceperint</span> <span class='ocrx_word' id='word_1_77' title='bbox 501 1151 535 1188; x_wconf 92' lang='lat' dir='ltr'>ac</span> <span class='ocrx_word' id='word_1_78' title='bbox 553 1136 684 1188; x_wconf 83' lang='lat' dir='ltr'>vorarint</span> <span class='ocrx_word' id='word_1_79' title='bbox 699 1149 821 1204; x_wconf 85' lang='lat' dir='ltr'>panem,</span> <span class='ocrx_word' id='word_1_80' title='bbox 847 1141 951 1188; x_wconf 85' lang='lat' dir='ltr'>vocato</span> <span class='ocrx_word' id='word_1_81' title='bbox 971 1141 1108 1218; x_wconf 48' lang='lat' dir='ltr'>autem!</span> 
     </span>
     <span class='ocr_line' id='line_1_11' title="bbox 53 1223 1073 1294; baseline 0.008 -26"><span class='ocrx_word' id='word_1_82' title='bbox 53 1233 111 1285; x_wconf 78' lang='lat' dir='ltr'>pane</span> <span class='ocrx_word' id='word_1_83' title='bbox 131 1229 191 1290; x_wconf 80' lang='lat' dir='ltr'>tum</span> <span class='ocrx_word' id='word_1_84' title='bbox 207 1233 347 1292; x_wconf 86' lang='lat' dir='ltr'>sequatur</span> <span class='ocrx_word' id='word_1_85' title='bbox 363 1223 498 1278; x_wconf 80' lang='lat' dir='ltr'>Christtts</span> <span class='ocrx_word' id='word_1_86' title='bbox 516 1224 633 1279; x_wconf 87' lang='lat' dir='ltr'>dicens:</span> <span class='ocrx_word' id='word_1_87' title='bbox 658 1225 728 1278; x_wconf 89' lang='lat' dir='ltr'>Hoc</span> <span class='ocrx_word' id='word_1_88' title='bbox 751 1229 798 1278; x_wconf 88' lang='lat' dir='ltr'>est</span> <span class='ocrx_word' id='word_1_89' title='bbox 822 1239 938 1294; x_wconf 80' lang='lat' dir='ltr'>corpus</span> <span class='ocrx_word' id='word_1_90' title='bbox 955 1239 1073 1288; x_wconf 81' lang='lat' dir='ltr'>meum,</span> 
     </span>
     <span class='ocr_line' id='line_1_12' title="bbox 52 1306 1073 1385; baseline 0.01 -29"><span class='ocrx_word' id='word_1_91' title='bbox 52 1306 89 1358; x_wconf 89' lang='lat' dir='ltr'>ubi</span> <span class='ocrx_word' id='word_1_92' title='bbox 109 1311 271 1382; x_wconf 83' lang='lat' dir='ltr'>necessario</span> <span class='ocrx_word' id='word_1_93' title='bbox 294 1311 353 1366; x_wconf 78' lang='lat' dir='ltr'>hoc</span> <span class='ocrx_word' id='word_1_94' title='bbox 377 1313 580 1368; x_wconf 85' lang='lat' dir='ltr'>demonstrant</span> <span class='ocrx_word' id='word_1_95' title='bbox 583 1329 720 1385; x_wconf 83' lang='lat' dir='ltr'>corpus</span> <span class='ocrx_word' id='word_1_96' title='bbox 745 1312 873 1381; x_wconf 86' lang='lat' dir='ltr'>Christi,</span> <span class='ocrx_word' id='word_1_97' title='bbox 898 1313 965 1383; x_wconf 89' lang='lat' dir='ltr'>quia</span> <span class='ocrx_word' id='word_1_98' title='bbox 989 1311 1073 1382; x_wconf 86' lang='lat' dir='ltr'>panis</span> 
     </span>
     <span class='ocr_line' id='line_1_13' title="bbox 48 1394 1075 1484; baseline 0.004 -35"><span class='ocrx_word' id='word_1_99' title='bbox 48 1394 96 1464; x_wconf 82' lang='lat' dir='ltr'>jam</span> <span class='ocrx_word' id='word_1_100' title='bbox 111 1398 187 1453; x_wconf 89' lang='lat' dir='ltr'>abest</span> <span class='ocrx_word' id='word_1_101' title='bbox 196 1411 292 1484; x_wconf 78' lang='lat' dir='ltr'>,puta</span> <span class='ocrx_word' id='word_1_102' title='bbox 309 1402 392 1463; x_wconf 83' lang='lat' dir='ltr'>datus</span> <span class='ocrx_word' id='word_1_103' title='bbox 410 1413 438 1456; x_wconf 88' lang='lat' dir='ltr'>et</span> <span class='ocrx_word' id='word_1_104' title='bbox 455 1414 612 1474; x_wconf 86' lang='lat' dir='ltr'>acceptus,</span> <span class='ocrx_word' id='word_1_105' title='bbox 637 1403 714 1456; x_wconf 85' lang='lat' dir='ltr'>for&#39;te</span> <span class='ocrx_word' id='word_1_106' title='bbox 732 1413 761 1457; x_wconf 90' lang='lat' dir='ltr'>et</span> <span class='ocrx_word' id='word_1_107' title='bbox 778 1413 948 1464; x_wconf 73' lang='lat' dir='ltr'>comestae,</span> <span class='ocrx_word' id='word_1_108' title='bbox 970 1411 1002 1454; x_wconf 91' lang='lat' dir='ltr'>ut</span> <span class='ocrx_word' id='word_1_109' title='bbox 1019 1415 1075 1471; x_wconf 87' lang='lat' dir='ltr'>per</span> 
     </span>
     <span class='ocr_line' id='line_1_14' title="bbox 50 1483 1142 1565; baseline 0.004 -25"><span class='ocrx_word' id='word_1_110' title='bbox 50 1477 297 1550; x_wconf 80' lang='lat' dir='ltr'>hocdcmonstrari</span> <span class='ocrx_word' id='word_1_111' title='bbox 321 1509 381 1548; x_wconf 90' lang='lat' dir='ltr'>non</span> <span class='ocrx_word' id='word_1_112' title='bbox 407 1493 512 1564; x_wconf 83' lang='lat' dir='ltr'>possit.</span> <span class='ocrx_word' id='word_1_113' title='bbox 547 1493 637 1565; x_wconf 78' lang='lat' dir='ltr'>Quis</span> <span class='ocrx_word' id='word_1_114' title='bbox 649 1493 698 1558; x_wconf 87' lang='lat' dir='ltr'>hic</span> <span class='ocrx_word' id='word_1_115' title='bbox 719 1509 778 1546; x_wconf 92' lang='lat' dir='ltr'>non</span> <span class='ocrx_word' id='word_1_116' title='bbox 801 1494 895 1547; x_wconf 88' lang='lat' dir='ltr'>videat</span> <span class='ocrx_word' id='word_1_117' title='bbox 920 1492 1099 1562; x_wconf 74' lang='lat' dir='ltr'>ridiculam¹</span> <span class='ocrx_word' id='word_1_118' title='bbox 1135 1515 1142 1528; x_wconf 55' lang='grc' dir='ltr'>ι</span> 
     </span>
     <span class='ocr_line' id='line_1_15' title="bbox 51 1569 1074 1655; baseline 0.008 -29"><span class='ocrx_word' id='word_1_119' title='bbox 51 1582 114 1630; x_wconf 86' lang='lat' dir='ltr'>tuam</span> <span class='ocrx_word' id='word_1_120' title='bbox 135 1569 338 1650; x_wconf 81' lang='lat' dir='ltr'>cogitationem</span> <span class='ocrx_word' id='word_1_121' title='bbox 362 1583 409 1638; x_wconf 86' lang='lat' dir='ltr'>vei</span> <span class='ocrx_word' id='word_1_122' title='bbox 435 1581 564 1650; x_wconf 86' lang='lat' dir='ltr'>studium</span> <span class='ocrx_word' id='word_1_123' title='bbox 589 1576 687 1654; x_wconf 85' lang='lat' dir='ltr'>potius</span> <span class='ocrx_word' id='word_1_124' title='bbox 710 1582 849 1641; x_wconf 87' lang='lat' dir='ltr'>volentis</span> <span class='ocrx_word' id='word_1_125' title='bbox 863 1593 891 1634; x_wconf 90' lang='lat' dir='ltr'>et</span> <span class='ocrx_word' id='word_1_126' title='bbox 907 1580 1074 1655; x_wconf 83' lang='lat' dir='ltr'>quaerentis</span> 
     </span>
    </p>
   </div>
   <div class='ocr_carea' id='block_1_2' title="bbox 50 1671 1081 1832">
    <p class='ocr_par' dir='ltr' id='par_1_2' title="bbox 50 1671 1081 1832">
     <span class='ocr_line' id='line_1_16' title="bbox 51 1671 1081 1747; baseline 0.008 -30"><span class='ocrx_word' id='word_1_127' title='bbox 51 1673 150 1725; x_wconf 84' lang='lat' dir='ltr'>errare?</span> <span class='ocrx_word' id='word_1_128' title='bbox 183 1671 247 1747; x_wconf 86' lang='lat' dir='ltr'>Cur</span> <span class='ocrx_word' id='word_1_129' title='bbox 263 1689 322 1728; x_wconf 80' lang='lat' dir='ltr'>non</span> <span class='ocrx_word' id='word_1_130' title='bbox 344 1671 509 1726; x_wconf 86' lang='lat' dir='ltr'>observasti</span> <span class='ocrx_word' id='word_1_131' title='bbox 525 1671 603 1726; x_wconf 89' lang='lat' dir='ltr'>hanc</span> <span class='ocrx_word' id='word_1_132' title='bbox 619 1671 824 1740; x_wconf 79' lang='lat' dir='ltr'>Evangelistae</span> <span class='ocrx_word' id='word_1_133' title='bbox 848 1689 957 1728; x_wconf 87' lang='lat' dir='ltr'>vocem</span> <span class='ocrx_word' id='word_1_134' title='bbox 975 1673 1081 1726; x_wconf 75' lang='lat' dir='ltr'>dicon..</span> 
     </span>
     <span class='ocr_line' id='line_1_17' title="bbox 50 1755 1073 1832; baseline 0.008 -26"><span class='ocrx_word' id='word_1_135' title='bbox 50 1755 92 1824; x_wconf 86' lang='lat' dir='ltr'>tis,</span> <span class='ocrx_word' id='word_1_136' title='bbox 108 1760 204 1828; x_wconf 83' lang='lat' dir='ltr'>qua1)</span> <span class='ocrx_word' id='word_1_137' title='bbox 220 1761 299 1816; x_wconf 85' lang='lat' dir='ltr'>clare</span> <span class='ocrx_word' id='word_1_138' title='bbox 316 1761 477 1829; x_wconf 75' lang='lat' dir='ltr'>siguificat,</span> <span class='ocrx_word' id='word_1_139' title='bbox 494 1761 570 1816; x_wconf 88' lang='lat' dir='ltr'>inter</span> <span class='ocrx_word' id='word_1_140' title='bbox 588 1762 745 1817; x_wconf 89' lang='lat' dir='ltr'>dicendum</span> <span class='ocrx_word' id='word_1_141' title='bbox 761 1763 859 1818; x_wconf 85' lang='lat' dir='ltr'>datum</span> <span class='ocrx_word' id='word_1_142' title='bbox 878 1779 945 1816; x_wconf 86' lang='lat' dir='ltr'>esse</span> <span class='ocrx_word' id='word_1_143' title='bbox 958 1777 1073 1832; x_wconf 86' lang='lat' dir='ltr'>panem,</span> 
     </span>
    </p>
   </div>
   <div class='ocr_carea' id='block_1_3' title="bbox 51 1839 1174 1924">
    <p class='ocr_par' dir='ltr' id='par_1_3' title="bbox 51 1839 1174 1924">
     <span class='ocr_line' id='line_1_18' title="bbox 51 1839 1174 1924; baseline 0.007 -26"><span class='ocrx_word' id='word_1_144' title='bbox 51 1850 145 1916; x_wconf 85' lang='lat' dir='ltr'>etquid</span> <span class='ocrx_word' id='word_1_145' title='bbox 161 1851 291 1918; x_wconf 87' lang='lat' dir='ltr'>dixerit,</span> <span class='ocrx_word' id='word_1_146' title='bbox 308 1852 396 1908; x_wconf 81' lang='lat' dir='ltr'>addit:</span> <span class='ocrx_word' id='word_1_147' title='bbox 413 1853 557 1924; x_wconf 73' lang='lat' dir='ltr'>Accipite</span> <span class='ocrx_word' id='word_1_148' title='bbox 580 1860 610 1907; x_wconf 88' lang='lat' dir='ltr'>et</span> <span class='ocrx_word' id='word_1_149' title='bbox 625 1853 790 1921; x_wconf 84' lang='lat' dir='ltr'>comedite,</span> <span class='ocrx_word' id='word_1_150' title='bbox 813 1853 872 1908; x_wconf 80' lang='lat' dir='ltr'>hoc</span> <span class='ocrx_word' id='word_1_151' title='bbox 894 1859 940 1906; x_wconf 86' lang='lat' dir='ltr'>est</span> <span class='ocrx_word' id='word_1_152' title='bbox 957 1867 1074 1923; x_wconf 77' lang='lat' dir='ltr'>corpses</span> <span class='ocrx_word' id='word_1_153' title='bbox 1168 1839 1174 1860; x_wconf 73' lang='lat'><strong><em>¹</em></strong></span> 
     </span>
    </p>
   </div>
   <div class='ocr_carea' id='block_1_4' title="bbox 49 1939 1125 2195">
    <p class='ocr_par' dir='ltr' id='par_1_4' title="bbox 49 1939 1125 2195">
     <span class='ocr_line' id='line_1_19' title="bbox 50 1939 1075 2024; baseline 0.006 -33"><span class='ocrx_word' id='word_1_154' title='bbox 50 1951 140 1994; x_wconf 81' lang='lat' dir='ltr'>meum.</span> <span class='ocrx_word' id='word_1_155' title='bbox 170 1939 224 1996; x_wconf 89' lang='lat' dir='ltr'>Ex</span> <span class='ocrx_word' id='word_1_156' title='bbox 240 1957 301 2014; x_wconf 89' lang='lat' dir='ltr'>quo</span> <span class='ocrx_word' id='word_1_157' title='bbox 312 1943 508 2011; x_wconf 79' lang='lat' dir='ltr'>perspicuum</span> <span class='ocrx_word' id='word_1_158' title='bbox 524 1951 569 2004; x_wconf 81' lang='lat' dir='ltr'>est</span> <span class='ocrx_word' id='word_1_159' title='bbox 579 1984 593 2024; x_wconf 25' lang='grc'>,1</span> <span class='ocrx_word' id='word_1_160' title='bbox 615 1945 760 1998; x_wconf 85' lang='lat' dir='ltr'>dationem</span> <span class='ocrx_word' id='word_1_161' title='bbox 778 1945 860 2014; x_wconf 84' lang='lat' dir='ltr'>panis</span> <span class='ocrx_word' id='word_1_162' title='bbox 883 1959 948 1996; x_wconf 87' lang='lat' dir='ltr'>esse</span> <span class='ocrx_word' id='word_1_163' title='bbox 966 1943 1075 1996; x_wconf 80' lang='lat' dir='ltr'>iactam</span> 
     </span>
     <span class='ocr_line' id='line_1_20' title="bbox 49 2023 1125 2102; baseline 0.006 -25"><span class='ocrx_word' id='word_1_164' title='bbox 49 2023 118 2082; x_wconf 86' lang='lat' dir='ltr'>simul</span> <span class='ocrx_word' id='word_1_165' title='bbox 138 2031 198 2085; x_wconf 86' lang='lat' dir='ltr'>sub</span> <span class='ocrx_word' id='word_1_166' title='bbox 215 2031 343 2088; x_wconf 86' lang='lat' dir='ltr'>dictione</span> <span class='ocrx_word' id='word_1_167' title='bbox 367 2034 415 2087; x_wconf 86' lang='lat' dir='ltr'>vei</span> <span class='ocrx_word' id='word_1_168' title='bbox 440 2049 509 2086; x_wconf 89' lang='lat' dir='ltr'>cum</span> <span class='ocrx_word' id='word_1_169' title='bbox 536 2035 682 2101; x_wconf 83' lang='lat' dir='ltr'>dictione,</span> <span class='ocrx_word' id='word_1_170' title='bbox 707 2033 879 2088; x_wconf 87' lang='lat' dir='ltr'>sonantibus</span> <span class='ocrx_word' id='word_1_171' title='bbox 902 2044 931 2090; x_wconf 86' lang='lat' dir='ltr'>et</span> <span class='ocrx_word' id='word_1_172' title='bbox 954 2032 1089 2102; x_wconf 79' lang='lat' dir='ltr'>prolatis,</span> <span class='ocrx_word' id='word_1_173' title='bbox 1122 2075 1125 2082; x_wconf 79' lang='grc'>.</span> 
     </span>
     <span class='ocr_line' id='line_1_21' title="bbox 51 2115 1077 2195; baseline 0.005 -26"><span class='ocrx_word' id='word_1_174' title='bbox 51 2115 97 2171; x_wconf 81' lang='lat' dir='ltr'>istis</span> <span class='ocrx_word' id='word_1_175' title='bbox 113 2123 211 2194; x_wconf 75' lang='lat' dir='ltr'>verbis</span> <span class='ocrx_word' id='word_1_176' title='bbox 229 2122 353 2182; x_wconf 88' lang='lat' dir='ltr'>Christi:</span> <span class='ocrx_word' id='word_1_177' title='bbox 379 2125 450 2178; x_wconf 88' lang='lat' dir='ltr'>Hoc</span> <span class='ocrx_word' id='word_1_178' title='bbox 472 2129 518 2178; x_wconf 86' lang='lat' dir='ltr'>est</span> <span class='ocrx_word' id='word_1_179' title='bbox 540 2139 658 2195; x_wconf 81' lang='lat' dir='ltr'>corpus</span> <span class='ocrx_word' id='word_1_180' title='bbox 674 2141 790 2192; x_wconf 86' lang='lat' dir='ltr'>meum,</span> <span class='ocrx_word' id='word_1_181' title='bbox 816 2133 847 2178; x_wconf 88' lang='lat' dir='ltr'>nt</span> <span class='ocrx_word' id='word_1_182' title='bbox 869 2135 919 2178; x_wconf 90' lang='lat' dir='ltr'>tua</span> <span class='ocrx_word' id='word_1_183' title='bbox 936 2123 1077 2190; x_wconf 87' lang='lat' dir='ltr'>cogitatio</span> 
     </span>
    </p>
   </div>
   <div class='ocr_carea' id='block_1_5' title="bbox 51 2200 1181 2286">
    <p class='ocr_par' dir='ltr' id='par_1_5' title="bbox 51 2200 1181 2286">
     <span class='ocr_line' id='line_1_22' title="bbox 51 2200 1181 2286; baseline 0.002 -25"><span class='ocrx_word' id='word_1_184' title='bbox 51 2200 152 2275; x_wconf 81' lang='lat' dir='ltr'>piotsus</span> <span class='ocrx_word' id='word_1_185' title='bbox 167 2211 243 2268; x_wconf 88' lang='lat' dir='ltr'>nihil</span> <span class='ocrx_word' id='word_1_186' title='bbox 261 2213 299 2268; x_wconf 87' lang='lat' dir='ltr'>sit</span> <span class='ocrx_word' id='word_1_187' title='bbox 305 2254 318 2282; x_wconf 89' lang='lat'>,</span> <span class='ocrx_word' id='word_1_188' title='bbox 342 2229 400 2286; x_wconf 89' lang='lat' dir='ltr'>qua</span> <span class='ocrx_word' id='word_1_189' title='bbox 417 2230 522 2284; x_wconf 85' lang='lat' dir='ltr'>panem</span> <span class='ocrx_word' id='word_1_190' title='bbox 545 2215 642 2274; x_wconf 87' lang='lat' dir='ltr'>datum</span> <span class='ocrx_word' id='word_1_191' title='bbox 665 2214 828 2284; x_wconf 83' lang='lat' dir='ltr'>imaginaris</span> <span class='ocrx_word' id='word_1_192' title='bbox 851 2223 916 2268; x_wconf 88' lang='lat' dir='ltr'>ante</span> <span class='ocrx_word' id='word_1_193' title='bbox 936 2213 1079 2282; x_wconf 56' lang='lat' dir='ltr'>prolatio-t</span> <span class='ocrx_word' id='word_1_194' title='bbox 1177 2275 1181 2282; x_wconf 39' lang='grc'>]</span> 
     </span>
    </p>
   </div>
   <div class='ocr_carea' id='block_1_6' title="bbox 51 2302 1079 2465">
    <p class='ocr_par' dir='ltr' id='par_1_6' title="bbox 51 2302 1079 2465">
     <span class='ocr_line' id='line_1_23' title="bbox 52 2302 1079 2374; baseline 0.006 -26"><span class='ocrx_word' id='word_1_195' title='bbox 52 2303 295 2370; x_wconf 66' lang='lat' dir='ltr'>nummorum,</span> <span class='ocrx_word' id='word_1_196' title='bbox 321 2303 398 2360; x_wconf 86' lang='lat' dir='ltr'>sicut</span> <span class='ocrx_word' id='word_1_197' title='bbox 415 2303 444 2358; x_wconf 91' lang='lat' dir='ltr'>in</span> <span class='ocrx_word' id='word_1_198' title='bbox 467 2303 544 2358; x_wconf 91' lang='lat' dir='ltr'>libro</span> <span class='ocrx_word' id='word_1_199' title='bbox 562 2304 610 2360; x_wconf 85' lang='lat' dir='ltr'>vel</span> <span class='ocrx_word' id='word_1_200' title='bbox 635 2317 763 2374; x_wconf 76' lang='lat' dir='ltr'>papyro,</span> <span class='ocrx_word' id='word_1_201' title='bbox 788 2303 887 2370; x_wconf 86' lang='lat' dir='ltr'>dedit,</span> <span class='ocrx_word' id='word_1_202' title='bbox 912 2302 1079 2357; x_wconf 81' lang='lat' dir='ltr'>ante-hane</span> 
     </span>
     <span class='ocr_line' id='line_1_24' title="bbox 51 2392 1077 2465; baseline 0.001 -25"><span class='ocrx_word' id='word_1_203' title='bbox 51 2393 212 2458; x_wconf 83' lang='lat' dir='ltr'>orationem,</span> <span class='ocrx_word' id='word_1_204' title='bbox 228 2393 299 2448; x_wconf 88' lang='lat' dir='ltr'>Hoc</span> <span class='ocrx_word' id='word_1_205' title='bbox 308 2400 357 2450; x_wconf 86' lang='lat' dir='ltr'>est</span> <span class='ocrx_word' id='word_1_206' title='bbox 367 2409 485 2465; x_wconf 82' lang='lat' dir='ltr'>corpus</span> <span class='ocrx_word' id='word_1_207' title='bbox 498 2403 616 2461; x_wconf 85' lang='lat' dir='ltr'>meurn,</span> <span class='ocrx_word' id='word_1_208' title='bbox 634 2395 764 2464; x_wconf 72' lang='lat' dir='ltr'>ponitur,</span> <span class='ocrx_word' id='word_1_209' title='bbox 797 2392 810 2445; x_wconf 89' lang='lat' dir='ltr'>t</span> <span class='ocrx_word' id='word_1_210' title='bbox 813 2393 888 2460; x_wconf 81' lang='lat' dir='ltr'>gitur</span> <span class='ocrx_word' id='word_1_211' title='bbox 894 2392 981 2460; x_wconf 77' lang='lat' dir='ltr'>juxto</span> <span class='ocrx_word' id='word_1_212' title='bbox 993 2400 1077 2442; x_wconf 88' lang='lat' dir='ltr'>tuum</span> 
     </span>
    </p>
   </div>
   <div class='ocr_carea' id='block_1_7' title="bbox 49 2478 1173 2560">
    <p class='ocr_par' dir='ltr' id='par_1_7' title="bbox 49 2478 1173 2560">
     <span class='ocr_line' id='line_1_25' title="bbox 49 2478 1173 2560; baseline 0 -28"><span class='ocrx_word' id='word_1_213' title='bbox 49 2490 150 2540; x_wconf 82' lang='lat' dir='ltr'>tensum</span> <span class='ocrx_word' id='word_1_214' title='bbox 168 2484 318 2552; x_wconf 86' lang='lat' dir='ltr'>augendus</span> <span class='ocrx_word' id='word_1_215' title='bbox 343 2495 423 2540; x_wconf 81' lang='lat' dir='ltr'>esset</span> <span class='ocrx_word' id='word_1_216' title='bbox 447 2495 546 2539; x_wconf 84' lang='lat' dir='ltr'>textus</span> <span class='ocrx_word' id='word_1_217' title='bbox 563 2484 623 2538; x_wconf 88' lang='lat' dir='ltr'>hoc</span> <span class='ocrx_word' id='word_1_218' title='bbox 640 2484 748 2538; x_wconf 86' lang='lat' dir='ltr'>modo:</span> <span class='ocrx_word' id='word_1_219' title='bbox 773 2478 907 2538; x_wconf 80' lang='lat' dir='ltr'>Christus</span> <span class='ocrx_word' id='word_1_220' title='bbox 924 2481 1009 2550; x_wconf 84' lang='lat' dir='ltr'>fregit</span> <span class='ocrx_word' id='word_1_221' title='bbox 1025 2481 1077 2534; x_wconf 88' lang='lat' dir='ltr'>de.</span> <span class='ocrx_word' id='word_1_222' title='bbox 1169 2553 1173 2560; x_wconf 17' lang='grc' dir='ltr'>ἱ</span> 
     </span>
    </p>
   </div>
   <div class='ocr_carea' id='block_1_8' title="bbox 49 2556 1112 2644">
    <p class='ocr_par' dir='ltr' id='par_1_8' title="bbox 49 2556 1112 2644">
     <span class='ocr_line' id='line_1_26' title="bbox 49 2556 1112 2644; baseline 0.002 -22"><span class='ocrx_word' id='word_1_223' title='bbox 49 2564 132 2642; x_wconf 82' lang='lat' dir='ltr'>diique</span> <span class='ocrx_word' id='word_1_224' title='bbox 148 2573 320 2642; x_wconf 85' lang='lat' dir='ltr'>discipulis,</span> <span class='ocrx_word' id='word_1_225' title='bbox 337 2583 365 2628; x_wconf 85' lang='lat' dir='ltr'>et</span> <span class='ocrx_word' id='word_1_226' title='bbox 382 2573 421 2628; x_wconf 88' lang='lat' dir='ltr'>illi</span> <span class='ocrx_word' id='word_1_227' title='bbox 438 2583 616 2642; x_wconf 86' lang='lat' dir='ltr'>acceperunt</span> <span class='ocrx_word' id='word_1_228' title='bbox 632 2582 662 2628; x_wconf 88' lang='lat' dir='ltr'>et</span> <span class='ocrx_word' id='word_1_229' title='bbox 680 2573 888 2632; x_wconf 80' lang='lat' dir='ltr'>comederunt:</span> <span class='ocrx_word' id='word_1_230' title='bbox 916 2556 989 2626; x_wconf 71' lang='lat' dir='ltr'>tund</span> <span class='ocrx_word' id='word_1_231' title='bbox 1004 2565 1093 2624; x_wconf 65' lang='lat' dir='ltr'>dixit-2</span> <span class='ocrx_word' id='word_1_232' title='bbox 1111 2637 1112 2644; x_wconf 14' lang='lat'>¹</span> 
     </span>
    </p>
   </div>
   <div class='ocr_carea' id='block_1_9' title="bbox 48 2657 1179 2736">
    <p class='ocr_par' dir='ltr' id='par_1_9' title="bbox 48 2657 1179 2736">
     <span class='ocr_line' id='line_1_27' title="bbox 48 2657 1179 2736; baseline 0.008 -27"><span class='ocrx_word' id='word_1_233' title='bbox 48 2657 183 2719; x_wconf 83' lang='lat' dir='ltr'>Christus:</span> <span class='ocrx_word' id='word_1_234' title='bbox 201 2663 271 2718; x_wconf 88' lang='lat' dir='ltr'>Hoc</span> <span class='ocrx_word' id='word_1_235' title='bbox 287 2671 334 2717; x_wconf 87' lang='lat' dir='ltr'>est</span> <span class='ocrx_word' id='word_1_236' title='bbox 348 2677 464 2736; x_wconf 85' lang='lat' dir='ltr'>corpus</span> <span class='ocrx_word' id='word_1_237' title='bbox 480 2680 582 2718; x_wconf 74' lang='lat' dir='ltr'>arreum</span> <span class='ocrx_word' id='word_1_238' title='bbox 594 2675 652 2718; x_wconf 90' lang='lat' dir='ltr'>etc</span> <span class='ocrx_word' id='word_1_239' title='bbox 686 2663 734 2718; x_wconf 71' lang='lat' dir='ltr'>bic</span> <span class='ocrx_word' id='word_1_240' title='bbox 746 2679 823 2720; x_wconf 83' lang='lat' dir='ltr'>enim</span> <span class='ocrx_word' id='word_1_241' title='bbox 836 2673 867 2717; x_wconf 90' lang='lat' dir='ltr'>tu</span> <span class='ocrx_word' id='word_1_242' title='bbox 880 2661 990 2730; x_wconf 77' lang='lat' dir='ltr'>cogitas</span> <span class='ocrx_word' id='word_1_243' title='bbox 1001 2675 1077 2717; x_wconf 76' lang='lat' dir='ltr'>mox</span> <span class='ocrx_word' id='word_1_244' title='bbox 1174 2663 1179 2682; x_wconf 73' lang='lat'>⁸</span> 
     </span>
    </p>
   </div>
   <div class='ocr_carea' id='block_1_10' title="bbox 47 2751 1078 2915">
    <p class='ocr_par' dir='ltr' id='par_1_10' title="bbox 47 2751 1078 2915">
     <span class='ocr_line' id='line_1_28' title="bbox 48 2751 1078 2830; baseline 0 -25"><span class='ocrx_word' id='word_1_245' title='bbox 48 2755 100 2804; x_wconf 64' lang='lat' dir='ltr'>este</span> <span class='ocrx_word' id='word_1_246' title='bbox 116 2755 246 2821; x_wconf 82' lang='lat' dir='ltr'>iactum,</span> <span class='ocrx_word' id='word_1_247' title='bbox 268 2755 318 2808; x_wconf 88' lang='lat' dir='ltr'>ubi</span> <span class='ocrx_word' id='word_1_248' title='bbox 335 2753 522 2823; x_wconf 79' lang='lat' dir='ltr'>Evangeiis&#39;ta</span> <span class='ocrx_word' id='word_1_249' title='bbox 537 2753 664 2810; x_wconf 83' lang='lat' dir='ltr'>verbum</span> <span class='ocrx_word' id='word_1_250' title='bbox 683 2753 768 2807; x_wconf 88' lang='lat' dir='ltr'>dedit</span> <span class='ocrx_word' id='word_1_251' title='bbox 792 2753 948 2830; x_wconf 86' lang='lat' dir='ltr'>legendum</span> <span class='ocrx_word' id='word_1_252' title='bbox 963 2751 1078 2807; x_wconf 86' lang='lat' dir='ltr'>deseri.</span> 
     </span>
     <span class='ocr_line' id='line_1_29' title="bbox 47 2833 1078 2915; baseline 0.004 -21"><span class='ocrx_word' id='word_1_253' title='bbox 47 2841 103 2907; x_wconf 82' lang='lat' dir='ltr'>psit,</span> <span class='ocrx_word' id='word_1_254' title='bbox 117 2854 146 2898; x_wconf 87' lang='lat' dir='ltr'>et</span> <span class='ocrx_word' id='word_1_255' title='bbox 163 2861 226 2898; x_wconf 89' lang='lat' dir='ltr'>non</span> <span class='ocrx_word' id='word_1_256' title='bbox 242 2845 324 2898; x_wconf 86' lang='lat' dir='ltr'>vides</span> <span class='ocrx_word' id='word_1_257' title='bbox 342 2845 454 2899; x_wconf 82' lang='lat' dir='ltr'>factum</span> <span class='ocrx_word' id='word_1_258' title='bbox 470 2845 507 2898; x_wconf 87' lang='lat' dir='ltr'>ab</span> <span class='ocrx_word' id='word_1_259' title='bbox 518 2833 703 2913; x_wconf 77' lang='lat' dir='ltr'>Evangeiista</span> <span class='ocrx_word' id='word_1_260' title='bbox 716 2844 928 2915; x_wconf 85' lang='lat' dir='ltr'>repraesentari</span> <span class='ocrx_word' id='word_1_261' title='bbox 945 2843 994 2896; x_wconf 89' lang='lat' dir='ltr'>his</span> <span class='ocrx_word' id='word_1_262' title='bbox 1010 2859 1078 2898; x_wconf 87' lang='lat' dir='ltr'>ver-</span> 
     </span>
    </p>
   </div>
   <div class='ocr_carea' id='block_1_11' title="bbox 48 2925 1177 3008">
    <p class='ocr_par' dir='ltr' id='par_1_11' title="bbox 48 2925 1177 3008">
     <span class='ocr_line' id='line_1_30' title="bbox 48 2925 1177 3008; baseline 0.002 -26"><span class='ocrx_word' id='word_1_263' title='bbox 48 2925 94 2984; x_wconf 89' lang='lat' dir='ltr'>bis:</span> <span class='ocrx_word' id='word_1_264' title='bbox 110 2930 266 3006; x_wconf 85' lang='lat' dir='ltr'>Accipite</span> <span class='ocrx_word' id='word_1_265' title='bbox 273 2941 302 2988; x_wconf 87' lang='lat' dir='ltr'>et</span> <span class='ocrx_word' id='word_1_266' title='bbox 318 2933 475 3008; x_wconf 85' lang='lat' dir='ltr'>comedite,</span> <span class='ocrx_word' id='word_1_267' title='bbox 492 2933 550 2989; x_wconf 81' lang='lat' dir='ltr'>hoc</span> <span class='ocrx_word' id='word_1_268' title='bbox 567 2941 740 3004; x_wconf 85' lang='lat' dir='ltr'>estccrpus</span> <span class='ocrx_word' id='word_1_269' title='bbox 753 2949 863 2988; x_wconf 82' lang='grc' dir='ltr'>ιιιιιιιιιι.</span> <span class='ocrx_word' id='word_1_270' title='bbox 897 2931 976 2987; x_wconf 89' lang='lat' dir='ltr'>Nam</span> <span class='ocrx_word' id='word_1_271' title='bbox 989 2931 1076 3001; x_wconf 80' lang='lat' dir='ltr'>finge,</span> <span class='ocrx_word' id='word_1_272' title='bbox 1173 2976 1177 2984; x_wconf 33' lang='grc' dir='ltr'>ι</span> 
     </span>
    </p>
   </div>
   <div class='ocr_carea' id='block_1_12' title="bbox 44 2996 1104 3721">
    <p class='ocr_par' dir='ltr' id='par_1_12' title="bbox 44 2996 1104 3721">
     <span class='ocr_line' id='line_1_31' title="bbox 46 2996 1089 3100; baseline 0.006 -30"><span class='ocrx_word' id='word_1_273' title='bbox 46 3025 69 3071; x_wconf 86' lang='lat' dir='ltr'>te</span> <span class='ocrx_word' id='word_1_274' title='bbox 82 3023 185 3079; x_wconf 85' lang='lat' dir='ltr'>adesse</span> <span class='ocrx_word' id='word_1_275' title='bbox 203 3017 313 3080; x_wconf 76' lang='lat' dir='ltr'>coenati</span> <span class='ocrx_word' id='word_1_276' title='bbox 330 3023 370 3100; x_wconf 77' lang='lat' dir='ltr'>itti</span> <span class='ocrx_word' id='word_1_277' title='bbox 387 3024 503 3095; x_wconf 85' lang='lat' dir='ltr'>primae</span> <span class='ocrx_word' id='word_1_278' title='bbox 515 3023 640 3084; x_wconf 81' lang='lat' dir='ltr'>Christi,</span> <span class='ocrx_word' id='word_1_279' title='bbox 659 3031 852 3092; x_wconf 75' lang='lat' dir='ltr'>spectataque</span> <span class='ocrx_word' id='word_1_280' title='bbox 870 3030 901 3075; x_wconf 89' lang='lat' dir='ltr'>et</span> <span class='ocrx_word' id='word_1_281' title='bbox 892 2996 1089 3076; x_wconf 49' lang='lat' dir='ltr'>observare*</span> 
     </span>
     <span class='ocr_line' id='line_1_32' title="bbox 46 3107 1078 3185; baseline 0.002 -23"><span class='ocrx_word' id='word_1_282' title='bbox 46 3107 184 3168; x_wconf 83' lang='lat' dir='ltr'>Christum</span> <span class='ocrx_word' id='word_1_283' title='bbox 202 3107 334 3182; x_wconf 61' lang='lat' dir='ltr'>{gentem</span> <span class='ocrx_word' id='word_1_284' title='bbox 352 3124 380 3166; x_wconf 91' lang='lat' dir='ltr'>et</span> <span class='ocrx_word' id='word_1_285' title='bbox 391 3114 571 3185; x_wconf 89' lang='lat' dir='ltr'>loquentem.</span> <span class='ocrx_word' id='word_1_286' title='bbox 604 3112 660 3166; x_wconf 88' lang='lat' dir='ltr'>Hic</span> <span class='ocrx_word' id='word_1_287' title='bbox 671 3111 738 3165; x_wconf 87' lang='lat' dir='ltr'>vide</span> <span class='ocrx_word' id='word_1_288' title='bbox 750 3125 853 3164; x_wconf 88' lang='lat' dir='ltr'>manus</span> <span class='ocrx_word' id='word_1_289' title='bbox 870 3110 951 3178; x_wconf 83' lang='lat' dir='ltr'>ejus,</span> <span class='ocrx_word' id='word_1_290' title='bbox 970 3110 1078 3182; x_wconf 85' lang='lat' dir='ltr'>quibus</span> 
     </span>
     <span class='ocr_line' id='line_1_33' title="bbox 45 3185 1078 3273; baseline 0.002 -24"><span class='ocrx_word' id='word_1_291' title='bbox 45 3201 135 3272; x_wconf 84' lang='lat' dir='ltr'>accipit</span> <span class='ocrx_word' id='word_1_292' title='bbox 153 3217 279 3273; x_wconf 83' lang='lat' dir='ltr'>panem,</span> <span class='ocrx_word' id='word_1_293' title='bbox 304 3201 377 3256; x_wconf 88' lang='lat' dir='ltr'>nihil</span> <span class='ocrx_word' id='word_1_294' title='bbox 394 3203 494 3268; x_wconf 83' lang='lat' dir='ltr'>dicens</span> <span class='ocrx_word' id='word_1_295' title='bbox 512 3203 547 3257; x_wconf 88' lang='lat' dir='ltr'>de</span> <span class='ocrx_word' id='word_1_296' title='bbox 565 3201 678 3268; x_wconf 91' lang='lat' dir='ltr'>dando,</span> <span class='ocrx_word' id='word_1_297' title='bbox 705 3201 757 3254; x_wconf 88' lang='lat' dir='ltr'>sed</span> <span class='ocrx_word' id='word_1_298' title='bbox 776 3201 919 3254; x_wconf 88' lang='lat' dir='ltr'>retinente</span> <span class='ocrx_word' id='word_1_299' title='bbox 940 3200 970 3254; x_wconf 87' lang='lat' dir='ltr'>io</span> <span class='ocrx_word' id='word_1_300' title='bbox 987 3185 1078 3254; x_wconf 61' lang='lat' dir='ltr'>mani!</span> 
     </span>
     <span class='ocr_line' id='line_1_34' title="bbox 45 3284 1077 3362; baseline 0.001 -19"><span class='ocrx_word' id='word_1_301' title='bbox 45 3284 90 3343; x_wconf 87' lang='lat' dir='ltr'>bus</span> <span class='ocrx_word' id='word_1_302' title='bbox 106 3308 235 3362; x_wconf 87' lang='lat' dir='ltr'>panem,</span> <span class='ocrx_word' id='word_1_303' title='bbox 261 3293 375 3362; x_wconf 83' lang='lat' dir='ltr'>profert</span> <span class='ocrx_word' id='word_1_304' title='bbox 392 3292 518 3361; x_wconf 69' lang='lat' dir='ltr'>gratias,</span> <span class='ocrx_word' id='word_1_305' title='bbox 536 3291 724 3360; x_wconf 64' lang='lat' dir='ltr'>gratiisectis</span> <span class='ocrx_word' id='word_1_306' title='bbox 742 3290 847 3344; x_wconf 87' lang='lat' dir='ltr'>iterum</span> <span class='ocrx_word' id='word_1_307' title='bbox 863 3299 940 3344; x_wconf 87' lang='lat' dir='ltr'>tacet</span> <span class='ocrx_word' id='word_1_308' title='bbox 959 3299 988 3344; x_wconf 90' lang='lat' dir='ltr'>et</span> <span class='ocrx_word' id='word_1_309' title='bbox 1004 3290 1077 3346; x_wconf 90' lang='lat' dir='ltr'>nihil</span> 
     </span>
     <span class='ocr_line' id='line_1_35' title="bbox 44 3371 1077 3454; baseline 0.004 -24"><span class='ocrx_word' id='word_1_310' title='bbox 44 3378 73 3431; x_wconf 90' lang='lat' dir='ltr'>de</span> <span class='ocrx_word' id='word_1_311' title='bbox 88 3382 184 3437; x_wconf 85' lang='lat' dir='ltr'>dando</span> <span class='ocrx_word' id='word_1_312' title='bbox 203 3382 287 3451; x_wconf 89' lang='lat' dir='ltr'>dicit,</span> <span class='ocrx_word' id='word_1_313' title='bbox 313 3381 365 3438; x_wconf 85' lang='lat' dir='ltr'>sed</span> <span class='ocrx_word' id='word_1_314' title='bbox 383 3381 584 3454; x_wconf 82' lang='lat' dir='ltr'>proferthaec</span> <span class='ocrx_word' id='word_1_315' title='bbox 601 3381 705 3438; x_wconf 86' lang='lat' dir='ltr'>verba:</span> <span class='ocrx_word' id='word_1_316' title='bbox 731 3371 890 3452; x_wconf 85' lang='lat' dir='ltr'>Accipite,</span> <span class='ocrx_word' id='word_1_317' title='bbox 915 3379 1077 3448; x_wconf 76' lang='lat' dir='ltr'>comedite,</span> 
     </span>
     <span class='ocr_line' id='line_1_36' title="bbox 46 3465 1104 3545; baseline 0.004 -25"><span class='ocrx_word' id='word_1_318' title='bbox 46 3468 158 3526; x_wconf 79' lang='lat' dir='ltr'>horest</span> <span class='ocrx_word' id='word_1_319' title='bbox 176 3486 292 3545; x_wconf 80' lang='lat' dir='ltr'>corpus</span> <span class='ocrx_word' id='word_1_320' title='bbox 308 3488 419 3526; x_wconf 83' lang='lat' dir='ltr'>ancum.</span> <span class='ocrx_word' id='word_1_321' title='bbox 454 3471 512 3528; x_wconf 88' lang='lat' dir='ltr'>Sub</span> <span class='ocrx_word' id='word_1_322' title='bbox 528 3472 575 3526; x_wconf 87' lang='lat' dir='ltr'>his</span> <span class='ocrx_word' id='word_1_323' title='bbox 593 3471 689 3526; x_wconf 90' lang='lat' dir='ltr'>verbis</span> <span class='ocrx_word' id='word_1_324' title='bbox 709 3473 756 3526; x_wconf 89' lang='lat' dir='ltr'>vei</span> <span class='ocrx_word' id='word_1_325' title='bbox 774 3487 848 3525; x_wconf 86' lang='lat' dir='ltr'>mox</span> <span class='ocrx_word' id='word_1_326' title='bbox 866 3483 933 3542; x_wconf 79' lang='lat' dir='ltr'>post</span> <span class='ocrx_word' id='word_1_327' title='bbox 949 3473 1012 3544; x_wconf 86' lang='lat' dir='ltr'>ipsa</span> <span class='ocrx_word' id='word_1_328' title='bbox 1028 3480 1085 3524; x_wconf 89' lang='lat' dir='ltr'>aut</span> <span class='ocrx_word' id='word_1_329' title='bbox 1101 3465 1104 3472; x_wconf 81' lang='grc'><strong>’</strong></span> 
     </span>
     <span class='ocr_line' id='line_1_37' title="bbox 45 3560 1079 3630; baseline 0.002 -21"><span class='ocrx_word' id='word_1_330' title='bbox 45 3573 102 3614; x_wconf 89' lang='lat' dir='ltr'>cum</span> <span class='ocrx_word' id='word_1_331' title='bbox 120 3561 212 3630; x_wconf 84' lang='lat' dir='ltr'>ipsis,</span> <span class='ocrx_word' id='word_1_332' title='bbox 230 3571 259 3614; x_wconf 88' lang='lat' dir='ltr'>et</span> <span class='ocrx_word' id='word_1_333' title='bbox 274 3575 335 3615; x_wconf 87' lang='lat' dir='ltr'>non</span> <span class='ocrx_word' id='word_1_334' title='bbox 351 3560 519 3615; x_wconf 87' lang='lat' dir='ltr'>necessario</span> <span class='ocrx_word' id='word_1_335' title='bbox 537 3570 619 3628; x_wconf 90' lang='lat' dir='ltr'>ante,</span> <span class='ocrx_word' id='word_1_336' title='bbox 644 3561 707 3629; x_wconf 83' lang='lat' dir='ltr'>ipsa</span> <span class='ocrx_word' id='word_1_337' title='bbox 724 3560 755 3616; x_wconf 82' lang='lat' dir='ltr'>tit</span> <span class='ocrx_word' id='word_1_338' title='bbox 772 3560 865 3626; x_wconf 86' lang='lat' dir='ltr'>datio,</span> <span class='ocrx_word' id='word_1_339' title='bbox 885 3571 918 3616; x_wconf 87' lang='lat' dir='ltr'>ut</span> <span class='ocrx_word' id='word_1_340' title='bbox 935 3561 1012 3630; x_wconf 87' lang='lat' dir='ltr'>cogit</span> <span class='ocrx_word' id='word_1_341' title='bbox 1028 3576 1079 3612; x_wconf 82' lang='lat' dir='ltr'>na.</span> 
     </span>
     <span class='ocr_line' id='line_1_38' title="bbox 44 3640 1077 3721; baseline 0.004 -25"><span class='ocrx_word' id='word_1_342' title='bbox 44 3655 96 3705; x_wconf 88' lang='lat' dir='ltr'>tura</span> <span class='ocrx_word' id='word_1_343' title='bbox 119 3651 190 3706; x_wconf 78' lang='lat' dir='ltr'>facti</span> <span class='ocrx_word' id='word_1_344' title='bbox 217 3659 246 3704; x_wconf 87' lang='lat' dir='ltr'>et</span> <span class='ocrx_word' id='word_1_345' title='bbox 262 3640 401 3705; x_wconf 83' lang='lat' dir='ltr'>historiae</span> <span class='ocrx_word' id='word_1_346' title='bbox 425 3650 552 3714; x_wconf 88' lang='lat' dir='ltr'>sentire,</span> <span class='ocrx_word' id='word_1_347' title='bbox 576 3658 608 3702; x_wconf 92' lang='lat' dir='ltr'>ut</span> <span class='ocrx_word' id='word_1_348' title='bbox 627 3665 716 3704; x_wconf 88' lang='lat' dir='ltr'>nemo</span> <span class='ocrx_word' id='word_1_349' title='bbox 741 3651 835 3721; x_wconf 82' lang='lat' dir='ltr'>possit</span> <span class='ocrx_word' id='word_1_350' title='bbox 850 3666 955 3718; x_wconf 84' lang='lat' dir='ltr'>negare</span> <span class='ocrx_word' id='word_1_351' title='bbox 974 3665 1077 3719; x_wconf 80' lang='lat' dir='ltr'>partem</span> 
     </span>
    </p>
   </div>
   <div class='ocr_carea' id='block_1_13' title="bbox 45 3737 1183 3816">
    <p class='ocr_par' dir='ltr' id='par_1_13' title="bbox 45 3737 1183 3816">
     <span class='ocr_line' id='line_1_39' title="bbox 45 3737 1183 3816; baseline 0 -27"><span class='ocrx_word' id='word_1_352' title='bbox 45 3737 131 3794; x_wconf 87' lang='lat' dir='ltr'>datum</span> <span class='ocrx_word' id='word_1_353' title='bbox 150 3755 217 3797; x_wconf 85' lang='lat' dir='ltr'>esse</span> <span class='ocrx_word' id='word_1_354' title='bbox 230 3756 339 3816; x_wconf 74' lang='lat' dir='ltr'>corpus</span> <span class='ocrx_word' id='word_1_355' title='bbox 353 3755 456 3806; x_wconf 86' lang='lat' dir='ltr'>sunm</span> <span class='ocrx_word' id='word_1_356' title='bbox 473 3749 505 3795; x_wconf 89' lang='lat' dir='ltr'>ut</span> <span class='ocrx_word' id='word_1_357' title='bbox 516 3738 594 3810; x_wconf 90' lang='lat' dir='ltr'>qnod</span> <span class='ocrx_word' id='word_1_358' title='bbox 607 3738 702 3792; x_wconf 88' lang='lat' dir='ltr'>dando</span> <span class='ocrx_word' id='word_1_359' title='bbox 721 3741 846 3814; x_wconf 82' lang='lat' dir='ltr'>appellat</span> <span class='ocrx_word' id='word_1_360' title='bbox 857 3755 967 3812; x_wconf 88' lang='lat' dir='ltr'>corpus</span> <span class='ocrx_word' id='word_1_361' title='bbox 980 3753 1076 3793; x_wconf 88' lang='lat' dir='ltr'>suurn</span> <span class='ocrx_word' id='word_1_362' title='bbox 1125 3801 1127 3808; x_wconf 25' lang='lat'><strong><em>¹</em></strong></span> <span class='ocrx_word' id='word_1_363' title='bbox 1179 3763 1183 3770; x_wconf 84' lang='grc'><em>·</em></span> 
     </span>
    </p>
   </div>
   <div class='ocr_carea' id='block_1_14' title="bbox 82 3895 541 4026">
    <p class='ocr_par' dir='ltr' id='par_1_14' title="bbox 82 3895 541 4026">
     <span class='ocr_line' id='line_1_40' title="bbox 82 3895 541 4026; baseline 0.007 -46"><span class='ocrx_word' id='word_1_364' title='bbox 82 3935 101 3986; x_wconf 82' lang='lat' dir='ltr'>ti</span> <span class='ocrx_word' id='word_1_365' title='bbox 114 3933 211 3980; x_wconf 75' lang='lat' dir='ltr'>Antii.</span> <span class='ocrx_word' id='word_1_366' title='bbox 226 3933 307 4026; x_wconf 56' lang='lat' dir='ltr'>(stitit</span> <span class='ocrx_word' id='word_1_367' title='bbox 324 3903 386 3992; x_wconf 77' lang='lat' dir='ltr'>quia.</span> <span class='ocrx_word' id='word_1_368' title='bbox 455 3953 460 3970; x_wconf 69' lang='grc' dir='ltr'>ι</span> <span class='ocrx_word' id='word_1_369' title='bbox 538 3895 541 3903; x_wconf 27' lang='lat' dir='ltr'>y</span> 
     </span>
    </p>
   </div>
   <div class='ocr_carea' id='block_1_15' title="bbox 0 0 1330 4586">
    <p class='ocr_par' dir='ltr' id='par_1_15' title="bbox 0 0 1330 4586">
     <span class='ocr_line' id='line_1_41' title="bbox 0 0 1330 4586; baseline 0 0"><span class='ocrx_word' id='word_1_370' title='bbox 0 0 1330 4586; x_wconf 95' lang='lat' dir='ltr'> </span> 
     </span>
    </p>
   </div>
  </div>
 </body>
</html>
