2692 4584
326 281 334 290 ·
365 258 398 294 '·
439 269 441 274 '
526 283 621 354 isat·

32 440 205 514 quicquum
226 442 258 498 in
283 444 342 500 isto
367 459 458 516 opere
481 445 531 500 vel
551 450 665 498 mntem
688 446 738 500 vel
763 443 891 513 addam.-
914 441 997 516 Nolo
1024 457 1092 499 esse

31 533 70 586 S.
98 532 128 586 S.
153 533 304 602 magister:
328 535 439 590 utinam
461 534 623 617 discipulus
649 535 844 606 aliquantulus
869 533 934 590 s'un
968 535 1015 601 Is,
1042 536 1109 588 cui

31 622 167 688 dedisti,
184 623 249 678 data
265 641 355 696 opera
372 621 469 682 differt
485 625 659 694 editionem,
684 625 805 690 nescio,
824 637 898 696 qttas
916 625 1031 679 iusidias
1047 635 1093 694 ty.

30 697 263 788 pographorum
280 715 403 768 veritus.
437 713 515 770 Edet
531 724 645 780 autem,
667 715 788 768 nisime
807 710 1003 784 impulsorem
1018 730 1091 768 con.
1107 709 1109 717 ’

31 802 185 856 temserit.
218 801 337 857 Utinam
354 803 488 860 Christus
513 803 557 859 sic
579 815 679 875 pergat
704 805 734 859 in
757 814 785 876 te
811 811 843 858 et
863 801 991 874 perficiat
1016 818 1092 875 opus

31 907 142 948 suum.
1104 953 1107 960 ,

107 980 283 1049 Caeterum,
309 983 390 1054 quod
415 983 451 1038 de
468 991 617 1046 conventu
634 979 786 1042 Hassiaco
801 984 921 1052 scribis,
948 985 983 1038 ad
1003 995 1094 1054 quem

31 1079 168 1126 vocatos
186 1087 236 1139 ee,
253 1082 284 1126 ιιι
297 1058 418 1144 duoque
430 1083 511 1128 recte
524 1074 660 1143 judicas,
678 1073 753 1130 nihii
767 1075 837 1129 boui
849 1073 947 1129 solere
964 1074 1092 1128 arridere

30 1161 190 1221 Ecctesiis
206 1161 267 1216 Dei
293 1163 419 1218 existis
443 1163 578 1219 subdolis
596 1163 803 1222 conventibus.
839 1163 942 1238 Quare
965 1172 994 1218 te
1018 1180 1096 1230 oro,

33 1252 64 1305 si
91 1261 199 1322 potes,
223 1251 284 1307 noli
308 1253 429 1322 adesse,
452 1269 549 1323 neque
574 1255 767 1325 promittere,
789 1254 900 1308 sinon
924 1251 1109 1324 promisisti.¹

30 1339 112 1396 Nos
139 1357 156 1394 a
179 1339 327 1413 principio
350 1341 433 1396 vaide
457 1343 704 1400 detrectaremus-2
730 1343 783 1400 sed
807 1355 876 1396 cum
895 1327 1014 1411 juvenis
1040 1340 1095 1395 iste

29 1430 175 1487 Macedo
201 1430 364 1488 Haasiacus
393 1431 437 1488 sic
461 1432 594 1500 fatigaret
622 1431 791 1506 Principem
815 1441 970 1498 nostrum,
997 1431 1095 1488 coacti

33 1507 355 1591 sumus'promittere,
381 1523 435 1576 sed
452 1523 513 1592 sic,
539 1532 572 1578 ut
587 1523 711 1595 copiose
728 1521 964 1597 significaremus
980 1521 1025 1575 bis
1047 1529 1099 1575 aut

33 1622 105 1679 ter,
130 1610 205 1666 nihil
231 1611 312 1682 spei,
335 1611 406 1666 nihil
431 1613 561 1682 tructus,
587 1612 658 1667 nihil
680 1613 773 1682 boni,
793 1612 969 1668 sed'omnta
994 1607 1098 1682 pejora
1139 1630 1142 1634 ·
1203 1629 1206 1634 ¹

34 1700 172 1756 timenda
185 1717 264 1760 esse.
288 1701 345 1756 Sed
358 1702 483 1773 perstitit
501 1703 569 1756 ille..
585 1702 618 1758 N
622 1719 657 1758 os
669 1688 766 1760 autem
776 1702 966 1775 promisimus
978 1699 1108 1770 edesse·

35 1793 62 1848 si
83 1793 162 1856 alios
180 1807 301 1862 quoque
320 1801 408 1864 atque
426 1793 499 1846 adeo
516 1791 663 1848 honestos
680 1779 816 1864 Papistas
837 1790 1014 1857 advocaret,
1039 1805 1097 1846 eeat

33 1891 137 1937 testes
164 1891 269 1934 contra
296 1880 412 1936 futuros
442 1881 517 1936 istos
545 1881 701 1940 thrasones
730 1891 760 1936 et
783 1881 933 1951 gloriosos
959 1878 1094 1936 Sanctus.

33 1971 156 2038 Nunc,
179 1970 203 2023 si
220 1979 252 2022 tu
267 1986 328 2026 non
344 1970 447 2039 venis,
472 1969 560 2024 nobis
577 1970 723 2041 proficiet.
756 1967 797 2026 Et
821 1970 891 2024 lieet
915 1969 955 2024 tui
978 1969 1097 2026 videndi

33 2061 98 2118 sim
123 2057 347 2132 cupidissimus,
381 2061 460 2115 malo
485 2067 583 2114 tamen
608 2061 720 2131 privata
743 2058 836 2128 gratia
857 2074 979 2130 carere3
1008 2076 1097 2130 quam

34 2153 148 2208 eadem
165 2151 285 2222 publico
301 2151 435 2222 periculo
461 2150 530 2204 frui.
562 2148 698 2226 Christus
716 2159 809 2204 struat
833 2157 863 2202 et
887 2157 989 2218 augeat
1013 2157 1043 2204 te
1066 2149 1096 2203 in

8 2265 10 2270 ·
32 2241 168 2313 gloriam
192 2255 292 2310 suam,
316 2244 426 2298 Amen.
460 2240 520 2302 Ora
545 2255 604 2312 pro.
618 2255 667 2295 nte
687 2229 861 2310 peccatore.
891 2242 933 2300 29.
951 2239 1077 2308 Augusti
1085 2249 1110 2306 ‚'

33 2351 87 2389 att.
108 2329 296 2389 MDxxtx.

700 2392 740 2448 T.
757 2392 882 2448 Martio.
895 2349 1061 2448 Lutherus.

54 2675 629 2799 ’ξιιιιιιιιιιιῐίιιιιθειιιιιιιιιι.Υ
787 2705 791 2714 ’
881 2716 1058 2786 N⁰.MCL.

376 2871 425 2940 tta
447 2851 760 2958 &tritt-fronte..

84 3017 146 3071 inan
161 3018 234 3066 tittrnt
246 3016 369 3068 &uerter
382 3001 422 3063 nn
436 3016 473 3062 ctu
486 3015 609 3069 nrttttdrrt
624 3015 681 3078 tunt
691 3015 738 3064 ant
751 3001 930 3068 tttttanduitut
943 3015 1040 3066 trater.

492 3143 634 3158 m

180 3247 181 3250 ’
205 3244 442 3299 tornnuoteusp.
455 3241 488 3289 ii
514 3199 775 3292 mortuummare
787 3240 851 3288 xxt.
865 3240 921 3289 tttt
944 3203 946 3208 ι
972 3300 974 3309 ‚

25 3369 184 3465 Gratiam
201 3419 231 3464 et
247 3419 352 3482 pacem
371 3407 400 3461 in
417 3405 549 3462 Christo.
584 3403 632 3458 Sic
648 3405 677 3458 t'e
695 3421 763 3476 para
783 3415 870 3478 atque
887 3406 972 3477 plane
990 3405 1087 3462 animo

25 3503 181 3566 obfirma,
198 3500 239 3553 mi
256 3500 355 3565 dona,
372 3508 406 3553 ut
422 3506 571 3568 quotquot
588 3496 623 3549 ad
637 3486 697 3549 m'e
701 3497 821 3552 venient
838 3497 885 3550 vel
901 3506 1022 3552 ventres
1040 3493 1089 3552 vei

10 3591 176 3667 spiritus,
198 3589 250 3660 q‘ui
269 3587 430 3660 parochias
445 3595 709 3664 quaeruatmox
729 3585 989 3654 atterentium,
1014 3588 1090 3641 inter

23 3687 114 3755 q'uos
141 3685 169 3732 et
192 3676 274 3731 hunc
296 3678 389 3734 mitto'.
421 3675 471 3736 Tu
496 3673 603 3728 videris
622 3675 705 3745 ·qu-id
721 3673 849 3730 hominis
875 3674 973 3730 fuerit.
1007 3675 1108 3730 Mihi

23 3761 93 3829 ruri
114 3776 163 3820 aut
179 3779 274 3822 aratro
292 3767 414 3821 idoneus
432 3765 563 3836 videtur,
589 3771 638 3816 aut
655 3773 738 3828 certe
755 3764 872 3818 aedituo
889 3763 1010 3830 similis,
1021 3764 1087 3822 ,nisi

23 3873 60 3918 tu
87 3855 169 3910 aliud
188 3855 323 3926 <spiritus
341 3855 419 3910 enim
435 3870 483 3908 me
511 3851 610 3927 failcre
636 3859 666 3905 et
690 3852 780 3906 latere
801 3857 915 3923 potest).
930 3852 1109 3907 inveneris.¹

21 3945 89 4010 Fae
112 3944 193 4017 quod
211 3945 294 3998 fecis.
