2650 4586
264 271 322 336 208
400 355 403 372 Ι
485 281 488 294 ’
735 267 814 336 1527
814 296 824 338 ι

261 428 379 500 penitus
393 430 538 486 christiani
549 429 760 500 luissejudicii.
792 431 872 486 Nam
887 429 940 502 qui
953 443 1042 486 ausus
1060 437 1107 486 est
1116 429 1283 486 monasticen

218 512 228 524 '
259 535 432 604 pomparare
450 519 630 591 baptismati,
647 532 728 576 totus
746 521 875 587 insaniit,
893 532 924 576 et
939 537 1030 579 sensu
1048 521 1135 576 etiam
1151 521 1283 592 communi

261 611 370 686 caruit,
385 619 417 662 ut
429 609 558 680 stipitem
571 610 667 682 potius
680 627 767 682 quam
779 611 902 668 bestiam
916 611 1025 671 dixeris
1038 609 1108 666 talia«
1111 611 1281 680 garrientem

262 697 362 770 Quid?
381 709 451 752 tune
462 700 566 754 credas
575 699 755 772 Hieronymo
766 711 826 754 tam
835 700 922 772 impie
935 701 1147 756 contraDeum
1157 701 1282 772 loquenti,

259 787 486 860 praecipientem
503 789 529 855 1)
552 791 651 844 statim
663 777 734 864 'post
750 791 782 848 ie
800 790 896 860 ipsum
909 801 1047 859 parentes
1071 791 1099 844 in
1116 805 1234 844 summo
1244 791 1282 842 ha.

258 877 372 932 bendos
388 877 524 934 honore?
550 877 591 934 Et
607 889 638 934 tu
655 879 753 948 potius
772 879 984 950 Hieronymum
1002 880 1119 951 audias,
1144 881 1228 934 toties
1248 896 1283 932 er.

259 976 371 1021 rentem
379 1007 389 1036 ,
412 969 501 1024 toties
526 979 715 1039 peccantem,
738 969 867 1024 breviter
888 969 1056 1036 hominem,
1082 987 1173 1040 quiam
1197 971 1284 1024 Deum

258 1058 376 1128 ipsum?
410 1059 424 1112 l
441 1075 511 1128 ergo
530 1075 607 1114 nunc
625 1069 654 1114 et
670 1069 739 1134 puta
750 1098 764 1126 ,,
776 1069 809 1114 ut
824 1059 926 1114 scribit
942 1059 1159 1130 Hieronymus,
1184 1061 1285 1116 calcar.

258 1149 312 1204 dos
330 1159 484 1219 parentes,
502 1159 535 1203 ut
552 1165 723 1221 perrumpas
741 1149 769 1202 in
785 1165 928 1204 eremum.
961 1149 1078 1204 Deinde
1092 1165 1190 1219 neque
1206 1150 1283 1204 imbe.

259 1239 363 1292 cillitas
380 1237 441 1292 hoc
460 1239 516 1292 erit
533 1239 561 1293 in
580 1239 664 1306 loco,
682 1247 713 1292 ut
729 1247 829 1294 contra
841 1237 1007 1292 Dominum
1019 1239 1120 1294 valeat.
1154 1239 1202 1293 Sic
1219 1241 1286 1294 enim

257 1329 297 1384 ait
312 1329 461 1382 Dominus
478 1327 572 1406 Paulo
589 1329 617 1382 in
635 1329 814 1384 Corinthiis:
836 1328 952 1384 Virtus
968 1328 1003 1381 in
1019 1329 1208 1396 infirmitate
1220 1346 1285 1400 per:

248 1418 375 1486 ficitur.
409 1417 464 1474 Sed
489 1436 526 1472 ne
549 1429 631 1490 pater
657 1419 775 1490 quidem
799 1419 884 1490 inops
909 1407 1171 1488 pluris'habendus„
1191 1421 1283 1485 luerit,

256 1525 343 1581 quam
359 1508 419 1564 Dei
436 1509 543 1576 gloria:
567 1509 644 1564 nosti
661 1509 739 1562 enirn
755 1508 880 1564 verbum
896 1509 1021 1577 Christi,
1048 1509 1076 1564 in
1094 1510 1243 1564 Matthaeo
1261 1519 1284 1574 et

254 1599 356 1664 Luca,
379 1599 476 1663 illum,
499 1598 548 1668 qui
565 1599 631 1668 plus
649 1607 786 1669 parentes
803 1587 919 1666 diligat,
944 1616 1005 1652 non
1022 1615 1091 1653 esse
1108 1613 1140 1654 se
1158 1600 1283 1668 dignum,

254 1689 336 1742 launo
351 1691 411 1756 npit
429 1703 515 1757 posse
532 1704 619 1742 suum
635 1705 701 1742 esse
720 1688 904 1757 discipulum.
937 1687 1111 1756 Praeterea,
1137 1691 1161 1744 si
1181 1699 1284 1744 vestem

253 1777 342 1848 aliqui
365 1777 520 1832 infeliciter
542 1777 714 1847 rejecerint,
744 1777 799 1850 ipsi
824 1777 961 1832 viderint.
1000 1779 1103 1832 Tuum
1128 1794 1217 1846 vero,
1242 1779 1284 1848 qui

157 1871 162 1888 “
197 1924 200 1942 Ι
253 1885 315 1922 ιιοιι
341 1855 413 1922 adeo
440 1867 572 1947 fortassis
597 1867 729 1936 ignotum
753 1865 846 1922 habes
870 1867 931 1922 Dei
956 1865 1096 1936 verbum,
1122 1869 1193 1939 quid
1216 1869 1283 1922 aliud

254 1957 358 2025 luerit,
383 1973 469 2036 quam
492 1955 682 2022 nihilominus
699 1954 873 2028 hypocrisin
895 1956 1010 2010 larvis
1005 1957 1066 2012 ratis
1085 1957 1191 2012 diutinas
1208 1958 1284 2011 susti.

253 2049 344 2104 nere?
378 2045 500 2102 Etiamsi
525 2054 605 2100 totus
631 2043 711 2100 orbis
733 2043 784 2098 hic
808 2045 859 2098 tibi
881 2044 1112 2113 contradixerit,
1138 2047 1193 2100 nisi
1214 2041 1305 2099 eniru'

253 2153 302 2192 me
326 2137 427 2192 lallunt
453 2135 564 2202 omnia,
591 2133 654 2190 sola
675 2133 727 2188 hio
753 2135 931 2190 conscientia
955 2145 1004 2189 tua
1029 2136 1179 2214 pervincet
1203 2135 1282 2193 totius
1318 2157 1319 2164 ι

183 2256 190 2268 κ
253 2228 334 2284 orbis
358 2238 503 2282 terrarum
523 2224 676 2293 judicium.
716 2223 796 2278 Mihi
819 2224 929 2296 imponi
951 2225 1078 2296 poterit,
1103 2226 1174 2308 Deo
1197 2235 1282 2280 autem

252 2313 505 2394 aupirmdqp'nihil
523 2315 629 2370 tatinus·

243 2513 247 2520 ἱ
317 2447 408 2523 Quod
433 2455 530 2501 autem
546 2447 581 2500 ad
597 2447 784 2502 vocationem
801 2444 917 2514 attinet,
942 2455 971 2502 et
992 2448 1055 2519 ipse
1072 2449 1230 2514 suaserim,
1253 2455 1281 2498 ut
1317 2433 1318 2444 ¹

252 2547 393 2609 expectes
409 2535 533 2590 Domini
550 2535 747 2591 voluntatem:
765 2537 824 2590 hoc
842 2538 918 2590 enim
937 2547 1013 2605 erat,
1038 2541 1119 2609 quod
1136 2540 1241 2593 nollem
1256 2547 1279 2588 te

251 2623 359 2694 acciri,
386 2627 445 2678 imo
464 2623 582 2688 evocari
598 2625 633 2676 ad
649 2625 731 2679 hunc
747 2621 886 2694 randum,
904 2627 1133 2702 ⁴nisi'voluntate
1151 2627 1280 2693 Datami,

250 2727 374 2771 vocante
387 2715 513 2786 populo,
531 2715 577 2768 oui
595 2717 721 2770 servires
733 2715 894 2772 ministerio
912 2718 1003 2772 verbi.
1035 2719 1105 2772 Jam
1122 2735 1194 2773 uero
1211 2715 1281 2790 quod
1316 2717 1317 2740 ³

251 2805 377 2880 objicis,
387 2821 492 2860 nonne
509 2805 557 2858 vel
575 2804 602 2858 id
620 2805 734 2872 solum,
752 2806 839 2860 etiam
856 2817 885 2862 te
898 2806 980 2878 ipso,
999 2808 1061 2862 sive
1074 2810 1211 2876 volente
1228 2809 1281 2861 sive

250 2897 364 2964 invito,
381 2895 496 2967 prodit,
514 2904 543 2947 te
561 2908 664 2964 parum
680 2893 782 2947 bona
775 2913 803 2948 ιιι
818 2897 977 2950 monastice
990 2898 1189 2965 conscientia
1207 2911 1281 2950 reve.

248 2987 308 3044 lato
327 2985 506 3056 Evangelio,
524 2986 663 3038 manere?
697 2983 890 3058 Quidenim,
909 2983 1316 3050 tunesacrilicesdintius,

249 3087 279 3132 et
296 3077 424 3144 interim,
447 3073 472 3131 si
489 3074 559 3128 Deo
577 3072 686 3162 placet,
710 3087 818 3143 praeco
835 3073 918 3128 verbi
936 3072 1024 3128 divini
1043 3091 1109 3130 esse
1128 3074 1281 3154 detrectas?
1315 3015 1316 3121 i

249 3167 348 3241 Quid,
373 3181 503 3238 quaeso,
527 3162 577 3217 hic
600 3171 660 3218 tuta
686 3161 867 3216 conscientia
889 3161 1020 3218 dixeris?
1054 3164 1164 3220 Postea
1189 3145 1280 3226 vides,

164 3241 169 3255 ‘
247 3273 303 3328 pro
320 3271 377 3327 qua
392 3253 552 3309 temeritate
565 3249 659 3323 possit
670 3249 788 3316 haben
805 3265 830 3304 si
842 3267 963 3306 exueris
977 3255 1174 3322 monachum
1192 3253 1315 3306 alleo

247 3361 398 3418 nunquam
422 3333 629 3413 praeceptum,
655 3355 802 3411 nunquam
825 3341 1016 3406 destinatum,
1039 3361 1186 3414 nunquam
1211 3339 1282 3395 desi.

247 3446 377 3504 gnatum,
391 3447 540 3502 nunquam
551 3429 741 3498 descriptum
766 3428 846 3496 Lege
858 3428 964 3500 EsaJae
973 3432 1092 3488 XXIX
1096 3433 1209 3508 Mettis.
1221 3429 1280 3484 XV.

245 3525 344 3580 Maro.
361 3520 430 3576 Vll.
463 3521 524 3575 Illic
536 3519 614 3574 enim
624 3517 754 3583 videbis,
773 3518 871 3586 quanti
887 3520 1038 3576 faciundae
1050 3524 1108 3578 snat
1121 3522 1281 3577 traditiones
1313 3529 1314 3550 ¹

244 3615 408 3676 humanae,
426 3619 567 3664 ettamen
586 3607 682 3661 adhuc
700 3605 880 3660 haeremus
872 3627 901 3664 m
919 3621 978 3680 tana
994 3613 1113 3668 sordido
1125 3614 1196 3668 luto
1227 3609 1280 3662 Hic

151 3685 161 3700 Δ
246 3705 334 3776 igitur
351 3698 476 3772 optarim
493 3697 544 3752 tibi
556 3695 706 3750 Christum
723 3709 846 3765 prorsus
863 3696 1020 3770 benignum
1037 3712 1066 3757 et
1081 3702 1280 3763 illustrantem,

240 3845 764 3875 --—-------

223 3931 228 3955 ²
293 3943 319 4005 tl
332 3953 370 4003 eo
384 3947 438 4004 naun
451 3949 475 3998 sl
488 3948 548 4024 nott
562 3944 640 4002 natira
653 3945 707 4001 nott
719 3943 883 4003 praecipienti.
