2650 4586
259 286 319 377 aas
731 305 844 398 uu..
888 379 899 392 q
929 380 933 387 ,

257 479 304 528 ter
320 463 469 543 discipulis
485 469 609 526 lavando
627 469 716 542 pedes
734 481 762 526 et
776 471 965 528 ministrando
982 485 1118 538 mensae,
1134 489 1196 528 non
1207 469 1278 542 impe.

259 563 316 630 dit,
341 579 402 634 quo
422 563 520 618 minus
546 563 734 636 spiritualiter
756 552 821 618 sese
838 563 889 618 det
905 563 1094 618 credendum.
1127 563 1177 616 Tu
1194 578 1278 615 conse.

257 653 393 725 quentiae
417 652 488 707 fucis
511 655 674 724 pessimas,
700 653 827 708 scilicet:
856 661 900 707 est
924 653 1080 722 spiritualis
1104 653 1201 720 datio,
1224 665 1278 718 ergo

257 761 318 797 uun
331 753 378 796 est
390 743 553 812 corporalis
566 744 594 796 iu
606 759 708 798 coena.
743 739 1137 816 consequentias,‚inq11am,
1157 740 1279 816 ejusmodi

257 831 382 904 probare
400 831 523 888 deberes
532 873 542 900 ,
567 833 618 902 qui
635 831 742 888 transis
759 847 880 903 semper
897 841 926 886 et
943 829 1051 904 ppobas
1075 833 1164 886 nobis
1188 843 1279 886 antece

258 921 348 988 dens,
366 923 446 994 quod
458 939 514 979 nos
526 933 623 978 tamen
634 921 843 990 concedimus,
859 939 916 976 nec
928 919 1105 992 opushabet
1116 921 1279 993 probatione.

256 1009 293 1064 ln
309 1023 423 1065 summa
440 1011 530 1084 petis,
547 1021 580 1067 ut
598 1010 776 1083 Scriptorum
794 1023 924 1083 apertam
940 999 1106 1082 proferam,
1124 1028 1199 1083 quae
1212 1011 1282 1075 dicat,

257 1099 407 1154 Christum
424 1101 576 1172 accepisse
594 1111 623 1156 et
644 1101 760 1156 dedisse
780 1115 890 1172 corpus
912 1113 1015 1168 suum,
1040 1099 1119 1159 sicut
1142 1110 1174 1154 tu
1197 1097 1282 1172 proba.

254 1191 349 1260 veris,
368 1189 517 1246 Christum
534 1189 684 1263 accepisse
701 1201 730 1244 et
748 1191 863 1246 dedisse
881 1207 994 1260 panem.
1026 1191 1125 1260 Beue,
1144 1191 1171 1244 si
1185 1187 1282 1246 hocris

255 1299 361 1350 urgere
379 1291 406 1334 et
423 1299 482 1337 non
500 1283 545 1337 ris
563 1282 700 1348 credere,
723 1281 780 1336 nisi
798 1281 867 1338 istas
885 1281 1012 1351 syllabas
1030 1291 1060 1335 et
1076 1279 1178 1336 literas
1195 1279 1284 1351 produ

254 1389 343 1427 xero:
368 1371 502 1429 Christus
527 1371 641 1444 accepit
662 1355 895 1442 co'rpus'suum,
921 1379 950 1424 et
974 1370 1062 1442 fregit
1077 1379 1107 1424 et
1121 1369 1202 1426 dedit
1215 1367 1285 1424 disci.

254 1461 331 1533 pulis
347 1461 424 1518 suis:
442 1463 540 1518 victor
557 1473 623 1518 esto
640 1471 670 1516 et
687 1477 814 1533 sequere
831 1467 919 1532 caput
937 1469 1037 1515 tunm:
1054 1461 1109 1528 ego
1126 1461 1201 1516 tales
1216 1459 1285 1530 sylla

253 1551 383 1606 hasnon
402 1552 528 1622 pdssurn
544 1551 721 1626 producere.
755 1549 810 1604 Sed
833 1549 920 1603 simul
937 1549 1004 1603 vids
1028 1558 1146 1617 nmen,
1172 1549 1285 1604 sitalem

171 1659 179 1680 ⁸
254 1657 377 1712 possem
396 1649 509 1695 textum
532 1641 709 1712 producere:
735 1639 870 1694 Christus
894 1639 1011 1710 accepit
1033 1631 1143 1711 corpus
1166 1655 1246 1694 suum
1264 1645 1287 1690 et

254 1732 339 1800 tregit
354 1741 384 1786 et
401 1731 480 1784 dedit
491 1729 643 1801 discipulis
662 1729 741 1784 suis:
761 1729 832 1802 quid
844 1745 920 1802 opus
932 1738 1029 1798 esset,
1047 1727 1146 1800 ipsum
1158 1729 1286 1802 appellare

255 1830 285 1875 et
302 1821 415 1879 dicere:
440 1819 510 1880 Hoc
533 1827 580 1874 est
601 1835 718 1891 corpus
740 1824 866 1874 meum?
898 1821 946 1874 An
968 1821 1099 1875 otiosum
1119 1819 1286 1886 battologum

254 1911 339 1982 cupis
357 1909 419 1964 lieri
436 1917 567 1978 tantum,
593 1919 626 1962 ut
649 1909 788 1980 loquatur
809 1909 910 1965 verbis
935 1925 950 1963 a
970 1921 997 1964 te
1016 1909 1071 1965 sihi
1087 1909 1287 1984 praescriptis?

252 2000 320 2056 Nos
337 2001 449 2068 scimus
467 1999 496 2053 in
521 1997 566 2053 his
590 1997 703 2056 verbis·
726 1999 870 2070 Accipite
893 2007 924 2052 et
945 1999 1144 2069 comedite,'
1135 2017 1201 2074 apso
1217 2007 1288 2068 gestu

253 2089 408 2168 significari
426 2097 610 2162 praesentem
627 2089 792 2157 dationem,
811 2090 891 2166 quod
907 2107 996 2146 nemo
1010 2107 1118 2160 negare
1134 2085 1245 2161 potest,
1258 2087 1289 2142 ita

128 2227 153 2246 ,,
252 2191 285 2236 ut
302 2182 327 2236 si
345 2181 412 2254 quis
430 2179 559 2250 glossam
576 2195 665 2251 super
681 2179 736 2234 illis
753 2179 855 2234 verbis
872 2179 943 2234 velit
959 2195 1088 2250 ponere,
1106 2181 1153 2236 sic
1172 2177 1288 2236 scribere

252 2283 365 2344 posset
384 2287 474 2343 super
495 2269 622 2325 verbum
647 2268 810 2342 accipite:
827 2285 896 2323 ecce
922 2268 973 2324 hic
1000 2269 1031 2325 lit
1055 2269 1133 2326 datio
1161 2271 1290 2342 quaedam

252 2379 404 2438 praesens.
437 2361 541 2416 Habita
558 2369 654 2414 autem
672 2359 787 2414 datione
805 2358 860 2413 ista
877 2359 1025 2431 praesenti
1047 2361 1105 2414 sub
1128 2361 1224 2415 verbo
1236 2375 1289 2412 ‘ce

253 2453 361 2525 capite,
391 2453 485 2521 cogit
493 2449 644 2523 appellatio
672 2449 769 2504 statim
796 2463 924 2519 sequens
950 2446 1012 2504 sine
1038 2427 1211 2520 intervallo,
1239 2449 1290 2504 siue

251 2558 399 2614 personae
424 2539 602 2606 mutatione,
629 2539 742 2592 scilicet
757 2537 816 2592 Itos
834 2545 880 2616 est
896 2553 1012 2610 corpus
1028 2555 1149 2608 meum,
1175 2556 1232 2612 qua
1252 2555 1291 2608 ap

253 2632 345 2701 pellat
359 2645 481 2698 panem
507 2643 578 2680 vere
601 2625 661 2680 dari
684 2643 794 2699 corpus
812 2609 931 2682 Christi.
964 2628 1044 2683 Nam
1061 2639 1167 2684 contra
1183 2643 1292 2684 omnem

254 2735 376 2774 sensum
386 2714 457 2788 ’,θεῖ
481 2709 557 2770 aliud
581 2715 679 2769 datum
697 2717 835 2786 intelligi,
860 2733 947 2789 quam
966 2717 993 2772 id
1011 2720 1091 2790 quod
1102 2721 1294 2792 appellatura

253 2807 339 2864 dante
357 2825 392 2862 eo
411 2809 487 2860 lacto
505 2815 532 2858 et
548 2813 702 2875 ternpore,
728 2823 788 2876 quo
807 2807 891 2860 datur
908 2817 937 2861 et
958 2807 1099 2878 apellatur
1114 2809 1151 2863 ab
1171 2810 1235 2882 ipso
1246 2847 1254 2876 ,
1266 2814 1296 2860 ut

253 2899 340 2954 etiam
357 2897 387 2952 iu
401 2897 497 2969 primo
513 2895 589 2948 libro
602 2903 707 2950 'contra
724 2906 753 2948 te
764 2897 925 2954 vernaculo
939 2897 1092 2952 declaravi.
1127 2899 1203 2962 Ideo
1221 2909 1295 2954 tuum

251 2989 439 3060 praeteritum
458 2985 582 3039 verbum
600 2983 684 3040 dedit
701 3002 825 3056 prorsus
844 2986 972 3054 corruit,
993 2999 1021 3041 et
1038 2989 1152 3042 tollitur
1166 3007 1223 3061 per
1239 3005 1297 3042 ver.

252 3081 324 3134 bum
341 3093 479 3148 praesens
497 3073 642 3144 accipite,
667 3073 774 3144 inquo
791 3089 851 3128 non
871 3075 966 3142 dedit,
992 3075 1043 3130 sed
1066 3077 1298 3134 dat1‘uecessariu

179 3233 186 3244 .
252 3169 429 3237 intelligitur.
463 3163 504 3220 Et
520 3163 697 3234 relinquitur
713 3163 798 3216 dedit
814 3163 843 3219 in
860 3180 912 3218 ore
927 3165 1132 3235 Evarigelistae
1152 3169 1299 3239 praeterita

247 3256 414 3326 narrantis,
433 3266 462 3310 et
479 3252 536 3309 dot
553 3255 581 3308 iu
599 3271 650 3307 ore
667 3254 827 3324 praeseutia
841 3255 998 3322 narrantia,
1018 3265 1045 3309 et
1057 3255 1211 3313 Christum
1222 3275 1301 3330 pree.

170 3361 180 3376 ⁸
252 3338 481 3406 eeuter'dautem
495 3353 523 3396 et
535 3344 733 3421 eloqueiqem,
750 3357 912 3412 panemque
925 3353 1078 3414 acceptum
1094 3352 1205 3418 corpus
1217 3361 1301 3402 suum

254 3435 447 3507 appellantem
472 3432 612 3488 audientis
638 3443 666 3484 et
688 3422 824 3486 videntis.
858 3429 897 3484 Et
922 3443 1061 3504 quantum
1080 3443 1220 3505 tu'urges
1240 3455 1304 3490 ver.

195 3573 200 3580 .
252 3527 325 3580 bum
343 3523 442 3591 dedit,
460 3521 540 3594 quod
557 3531 602 3576 est
613 3519 819 3588 Evangelistae
838 3514 993 3589 praeterita
1009 3524 1171 3592 narrantis,
1190 3537 1302 3581 tantum

253 3631 316 3672 nos
334 3613 465 3684 argimus
490 3611 615 3666 verbum
644 3608 791 3680 aecipite,
821 3609 901 3680 quod
927 3621 974 3666 est
998 3611 1106 3668 Christi
1131 3631 1305 3684 praesenter

254 3689 374 3778 agentis.
532 3713 534 3718 ’

317 3797 395 3852 Cuan
411 3801 508 3848 autem
527 3804 566 3842 ex
578 3787 697 3843 Christo
716 3795 817 3856 agente
830 3789 954 3858 pendeat
972 3749 1160 3861 intelligentia
1176 3811 1304 3865 coenae,

253 3886 406 3962 munifeste
424 3889 501 3952 patet
517 3879 619 3933 vitiosa
644 3888 691 3930 tua
709 3875 883 3952 disputatio,
908 3879 976 3930 dum
996 3880 1031 3932 de
1053 3881 1169 3937 actione
1189 3885 1214 3934 s
1217 3886 1305 3940 haisti

161 3977 167 3990 ‘
255 3953 401 4033 instituisti
418 3970 517 4045 loqui¹
541 3979 571 4024 et
594 3983 628 4023 ea
644 3968 754 4056 omissa
776 3966 970 4056 apprehendis
989 3971 1306 4035 narrationem‘Evan.
