2590 4576
226 283 291 352 sto
390 351 395 362 ,
705 287 795 354 taso.
875 263 878 270 ’

227 401 372 502 Gratiam
393 455 423 504 at
445 463 550 518 panem
567 449 595 503 in
610 447 754 505 Domino.
790 445 946 507 Graurior
960 436 1028 501 'tibi
1050 461 1095 500 ex
1108 445 1219 510 'animm
1234 444 1261 498 ni

226 535 370 606 Comata,
389 547 458 593 nato
475 537 534 594 filio
554 540 666 594 iactum
679 549 707 594 te
721 555 790 594 esse
802 547 933 610 patrem.
967 537 1132 592 Dominus
1143 533 1263 598 situumb

225 623 295 694 iiio,
314 637 344 681 ut
360 626 476 682 laetaris
493 629 524 682 in
541 645 579 682 eo
596 629 712 684 cunctis
729 627 853 696 diebus,
873 630 986 682 amen.
1021 624 1264 680 Mittamtestiun

225 717 305 772 nium
324 733 423 773 meum
440 719 656 790 quamprimum
673 719 804 784 licuerit,
822 735 893 790 quo
916 733 1090 787 agnoscam
1109 731 1156 770 me
1169 716 1195 780 2)
1215 731 1265 770 eur

226 807 435 876 catechistam,
452 810 538 864 sicuti
554 810 678 880 rogasti,
695 818 729 864 ut
745 819 775 866 et
791 811 852 864 mei
864 823 990 886 premor
1004 809 1048 863 sit
1066 807 1122 861 ubi
1136 806 1264 862 ιάοῑηιή)

224 897 300 954 filins
318 910 395 954 tuus.
417 895 449 968 ³)
878 951 884 956 .

288 988 426 1060 Papistae
445 989 628 1062 triumphant
646 980 819 1046 et'invtcern
836 989 1033 1062 scriptiliam,
1058 987 1261 1044 «licentram.

223 1085 311 1134 rator
324 1079 422 1148 veuit,
447 1096 554 1151 nempe
575 1081 694 1140 Caesar.
725 1080 781 1134 Sed
803 1080 856 1134 hui
872 1081 967 1136 durus
986 1079 1144 1146 salvator,
1171 1079 1211 1149 qni
1223 1093 1261 1132 eoa

224 1167 379 1224 devorabit
399 1169 503 1226 simul!
538 1171 675 1226 audiisse
694 1181 723 1226 te
742 1171 835 1224 eredo
856 1170 934 1226 duos
952 1171 1128 1241 episcopos
1149 1169 1263 1239 (queunt

223 1275 301 1314 unus
319 1273 365 1316 ast
386 1259 592 1326 Tridentinus)
618 1261 725 1314 missos
749 1261 777 1314 in
796 1259 991 1318 Germaniam
1017 1274 1035 1312 a
1058 1257 1145 1329 Papa
1166 1259 1263 1314 Caesare

224 1349 367 1420 probante
383 1341 412 1414 ¹⁵)
429 1366 500 1404 eum
521 1345 728 1414 taii'decratn‚
750 1357 782 1402 ut
798 1365 852 1420 per
872 1357 964 1410 totam
986 1347 1186 1404 Germaniam
1204 1348 1263 1417 qnid.

225 1438 296 1510 quid
312 1439 340 1492 in
358 1438 476 1511 templis
494 1439 555 1493 auri
575 1449 605 1494 et
620 1438 731 1508 argenti
749 1437 855 1506 fuerit,
878 1438 1071 1494 Fetdinando
1085 1449 1193 1495 conus
1208 1437 1263 1492 Tur.

225 1545 277 1584 eas
294 1529 415 1586 tradant.
449 1529 535 1604 Quae
547 1530 572 1584 si
590 1547 651 1584 non
669 1528 813 1584 sufficiant
830 1527 916 1600 (quid
928 1530 1009 1582 euim
1022 1527 1082 1582 illis
1096 1527 1235 1583 sufficeret
1242 1526 1262 1592 i)

223 1627 288 1674 tum
303 1619 419 1676 tertiam
436 1627 547 1690 partem
565 1619 696 1674 omnium
712 1619 857 1674 redituum
872 1617 1159 1674 ecclesiasticorum
1173 1619 1262 1672 addant.

224 1709 282 1766 Ubi
300 1724 356 1764 neo
374 1709 427 1763 ista
447 1709 618 1767 suffecerint
641 1708 744 1776 (sicuti
762 1723 821 1762 uon
841 1717 981 1778 poterunt
998 1709 1143 1766 sufficere
1162 1706 1210 1774 iis,
1227 1709 1261 1780 qui

225 1797 416 1856 Germaniam
433 1798 608 1852 exhaustam
622 1809 652 1851 et
666 1799 789 1852 deletam
801 1797 962 1868 quaeruut)
978 1808 1044 1850 tum
1060 1815 1166 1866 ames,
1181 1797 1259 1870 oppida

222 1897 252 1942 ot
271 1903 376 1942 omues
397 1887 523 1942 ditiones
540 1887 667 1942 vendant
681 1897 710 1942 et
726 1887 841 1942 tradant
848 1886 1035 1948 Ferdinando
1053 1877 1085 1955 ⁵)
1102 1879 1259 1951 voraturi.⁶)

221 1975 374 2040 Haeciut
392 1977 501 2041 rideas)
523 1965 553 2042 ²)
578 1991 647 2030 crim
670 1976 697 2030 in
723 1975 914 2032 Paibernensi
938 1969 970 2044 8)
1000 1975 1151 2033 cathedra
1175 1977 1258 2032 reiecta

176 2059 180 2066 ’
222 2067 325 2133 inere,
343 2059 373 2133 9)
395 2057 548 2138 respondit
562 2083 641 2150 unus
660 2065 843 2131 canonicus:
867 2066 930 2126 53))
946 2067 976 2124 bt
994 2065 1104 2128 We!
1122 2070 1182 2128 m
1191 2065 1258 2130 Μ

221 2155 266 2216 tu
285 2153 353 2222 dini
370 2155 442 2224 ittet
470 2157 544 2214 atius
563 2156 746 2213 canonieus:
774 2154 823 2218 &t
841 2155 899 2214 nid
917 2155 1024 2218 aanor
1047 2156 1197 2219 &imitat
1210 2156 1258 2227 aad

218 2245 276 2305 -ttni
295 2237 557 2314 trininitatis.
592 2246 817 2314 Bambergensis
835 2245 875 2313 ²⁰)
896 2247 1060 2319 episcopus
1083 2249 1143 2305 iilis
1166 2249 1259 2306 duobus

221 2337 373 2407 episcopis
397 2335 586 2391 exactoribus
608 2336 641 2390 11)
667 2335 752 2404 dixit,
776 2350 809 2388 se
833 2335 921 2389 malle
946 2348 1116 2410 perpetuos
1143 2355 1257 2394 emnem

221 2427 317 2500 ferre,
344 2441 433 2498 quam
452 2424 524 2478 huio
547 2427 664 2496 rapinae
684 2416 862 2478 consentire.
895 2423 1130 2497 Herbipolensis
1155 2429 1259 2499 tegam

217 2516 301 2571 misit
317 2534 387 2572 oum
403 2513 485 2571 bono
501 2531 640 2581 munere,
658 2512 718 2567 hoc
735 2513 888 2568 decretum
907 2516 983 2586 apud
1002 2516 1168 2572 Caesarem
1185 2535 1258 2573 cassa.

220 2613 315 2658 muts.
350 2604 421 2660 Vide
442 2603 552 2674 Papam
570 2601 745 2658 Florentinis
768 2601 881 2670 artibus
894 2601 1093 2660 Germaniam
1111 2609 1257 2679 cupienten

219 2684 362 2766 perdere,
385 2710 454 2746 cum
472 2693 541 2746 alias
559 2691 707 2745 vindicare
728 2707 788 2744 nou
805 2691 901 2747 liceat.
936 2691 1019 2747 Haec
1036 2705 1112 2749 aunt
1129 2697 1207 2756 initia
1226 2713 1257 2750 sa

219 2785 287 2839 lutis
304 2783 340 2837 ab
358 2783 489 2854 ipsorum
508 2783 663 2836 salvatore.
696 2779 738 2835 Et
755 2792 836 2834 recte
857 2791 885 2834 et
896 2782 1050 2858 justeput
1068 2787 1123 2856 qui
1140 2786 1256 2842 Luthun

220 2889 324 2930 eorum
350 2872 496 2928 defensori
522 2873 562 2938 12)
580 2871 795 2938 adversantur,
824 2858 888 2925 sub*
907 2887 964 2926 suo
991 2885 1153 2931 servatore
1180 2877 1256 2932 omnia

219 2965 344 3028 autittaut
362 2973 391 3016 at
407 2963 570 3032 perdantur
584 2959 624 3027 13>
644 2961 671 3020 iu
689 2961 729 3014 ira
746 2947 816 3016 Dei.
851 2961 887 3016 in
904 2961 1030 3018 Hassiae
1049 2965 1165 3037 oppido
1183 2968 1256 3021 Cror.

218 3053 291 3122 berg
317 3054 410 3108 iufans
436 3053 465 3106 iu
486 3053 590 3118 utero]
606 3051 758 3105 audiente
773 3061 833 3105 tota
856 3052 981 3119 familia,
1001 3053 1032 3106 iu
1051 3058 1209 3126 vaporatio
1223 3057 1254 3112 bis

218 3143 399 3199 vociferatus
417 3153 472 3197 est.
506 3141 573 3196 Hoc
594 3141 756 3210 pessimum
775 3141 893 3209 signum
915 3154 972 3198 est.
1004 3143 1090 3199 Haec
1111 3148 1254 3204 communi.

216 3231 299 3287 cabis
314 3229 479 3286 clarissimo
496 3231 561 3286 viro
575 3231 617 3292 D.
636 3229 762 3292 Nicoiao
782 3230 988 3302 flammantis,
1010 3238 1132 3306 pastori
1151 3250 1207 3293 tuo.
1222 3231 1252 3300 Η)
1291 3271 1292 3290 ;

217 3322 288 3377 Vaie
308 3334 336 3377 et
355 3340 407 3376 ora
424 3309 479 3404 prb
494 3338 553 3376 me.
586 3325 612 3375 3)
630 3320 778 3390 daunarii,
799 3321 966 3379 MDXXX.

901 3397 1053 3470 utiatnus
1068 3415 1226 3472 Luscus.

216 3515 740 3550 W
792 3541 797 3550 ι
903 3535 906 3541 .

263 3597 283 3646 1)
301 3595 396 3641 Auris.
410 3594 442 3642 in.
504 3599 526 3648 2)
546 3595 847 3651 denuntiationum
863 3596 979 3648 sintne.
1040 3601 1063 3653 3)
1081 3599 1247 3652 c.o,-nu.

212 3671 236 3720 d)
254 3668 349 3713 Auris.
364 3668 520 3724 approbante.
597 3671 620 3716 5)
640 3669 698 3714 Coti.
712 3670 739 3713 G.
754 3671 799 3714 ttttt
813 3669 867 3713 Jen.
882 3671 897 3720 †
910 3669 1050 3716 Tartarum.
1125 3677 1148 3722 6)
1169 3671 1246 3718 Arrii.

166 3803 169 3806 Ι
211 3741 645 3788 Tartarumvictorietdevoratnri.
706 3744 730 3791 7)
749 3742 837 3787 Bndd.
856 3741 947 3788 videas.
1009 3748 1032 3798 8)
1051 3746 1111 3792 cod.
1125 3750 1151 3793 6.
1164 3747 1245 3792 tutor,

212 3815 290 3862 uenti.
314 3815 557 3864 a.Padett›ome11si.
618 3815 641 3867 9)
657 3815 687 3860 Α.
706 3815 774 3864 fuere
786 3815 914 3871 proposita
932 3819 956 3861 et
975 3817 1062 3864 relata.
1125 3824 1156 3868 to)
1173 3815 1245 3864 iindd.

162 3903 168 3914 ¹
212 3887 293 3930 Bomb.
350 3891 382 3941 ii)
398 3885 747 3938 coddtnmitusdtmtssis.
806 3889 839 3940 tat
853 3887 939 3933 suad.
952 3889 1093 3940 defensore·
1148 3891 1242 3946 ΒΝ.)

214 3957 354 4002 amittantur
367 3959 424 4010 abne
437 3964 462 4004 et
474 3971 497 4016 p.
557 3959 590 4012 14)
603 3958 689 4002 Bndd.
702 3981 727 3992 ·-
739 3959 790 4004 Hoc
802 3960 930 4012 pessimum
943 3966 991 4008 etr„
