2650 4586
674 109 683 150 l

234 231 340 315 aar,
599 231 601 240 ¹
705 220 793 292 star.
877 242 880 246 ·

232 403 293 460 quo
318 385 460 460 probares
483 389 557 446 τοῦτο
581 387 616 440 ad
641 380 752 458 cdrpus
770 381 897 438 sedentis
914 379 1023 456 Christi
1044 376 1249 450 spectassem

231 494 272 532 ex
287 479 382 550 capite
407 489 458 532 tuo
474 477 536 530 hoc
555 475 656 544 lingis,
679 476 754 530 sicut
778 491 835 528 nec
852 471 1012 540 Zwinglius
1038 485 1095 524 nec
1113 467 1251 524 Oeoolam-

228 567 332 638 padius
355 567 481 638 probant
496 567 554 620 ulla
579 581 618 618 ex
634 563 793 634 Scripturis
818 559 925 631 syllaba
951 565 997 614 est
1018 576 1075 630 pro
1092 557 1251 632 siqnificat,

229 667 278 712 aut
293 641 409 727 corpus
426 673 481 728 pro
497 655 587 724 figura
603 670 747 728 corporea
764 653 872 724 accipi,
899 653 952 706 sed
975 657 1005 705 et
1026 649 1080 720 ipsi
1097 648 1162 704 tulia
1177 665 1192 702 e
1207 663 1250 702 suo

230 747 325 815 cupite
348 746 469 814 fingunt.
493 745 578 800 ,Cum
600 744 686 813 igitur
707 742 759 796 hic
782 759 838 798 vos
856 742 949 813 palam
971 749 1124 794 teneamus
1149 737 1251 794 lictores

229 834 398 889 arbitrarios
410 834 588 896 verborum,
605 841 708 887 contra
722 847 810 886 usum
827 841 857 886 et
867 839 1000 884 naturam
1016 827 1252 894 omniumlingua.

229 940 313 992 rum,
337 940 533 995 possumusne
557 923 672 977 moveri
695 923 724 976 in
740 915 870 978 uestram
896 917 1089 974 sententiam?
1115 914 1252 994 lmo'qto

227 1015 319 1070 modo
336 1030 392 1070 vos
410 1032 471 1070 non
487 1024 589 1068 movet
606 1012 803 1080 conscientia,
824 1027 897 1084 quae
915 1010 1049 1080 aculeum
1066 1008 1148 1062 hunc
1164 1005 1239 1061 sentit
1244 1041 1260 1072 ,i

228 1113 258 1160 et
274 1104 412 1158 inclamat
427 1120 484 1160 vos
502 1103 620 1170 dicens,
636 1102 726 1156 verba
743 1101 787 1156 sic
804 1108 929 1178 sonant,
947 1091 977 1154 et
992 1115 1048 1153 vos
1061 1115 1123 1152 non
1139 1095 1252 1168 probatis

228 1193 311 1248 aliter
327 1193 419 1264 accipi
436 1193 565 1250 debere?
584 1192 663 1247 Nam
680 1201 713 1246 et
725 1191 828 1246 demus
844 1207 899 1260 per
907 1188 1116 1260 impossibile,
1134 1203 1187 1242 vos
1203 1202 1254 1240 rem

228 1283 449 1350 demonstrare,
474 1282 589 1338 scilicet
604 1296 712 1351 corpus
731 1278 841 1334 Christi
857 1295 918 1333 non
935 1271 1046 1332 dari'in
1064 1293 1174 1344 coena,
1197 1274 1254 1348 quid

228 1372 363 1437 facietis,
381 1387 451 1426 cum
463 1370 644 1426 conscientia
656 1368 731 1424 haec
747 1369 837 1424 verba
854 1367 1080 1440 opponitt¹Hoc
1097 1374 1145 1422 est
1154 1381 1254 1438 corpus

228 1465 352 1517 narum?
376 1461 476 1514 Aliter
487 1460 654 1532 accipienda
672 1470 758 1526 sunt,
775 1459 912 1530 inquies?
936 1457 1118 1530 Quomodo?
1135 1457 1189 1524 llic
1205 1471 1253 1509 on.

223 1567 282 1629 pres
300 1549 438 1619 cogimini
455 1550 680 1630 obmutescere,
705 1565 773 1602 cum
789 1565 886 1620 neque
905 1557 936 1600 tu
953 1539 1060 1618 probes
1077 1545 1252 1610 tuum‘rrdn,

163 1683 166 1697 .
228 1641 346 1694 necilli
369 1643 456 1694 su'um
472 1639 639 1714 siqnificat
663 1648 712 1692 aut
728 1639 858 1706 figuram.
890 1638 929 1694 Et
954 1641 998 1692 sic
1019 1653 1145 1708 prorsus
1161 1635 1255 1692 nullum

229 1737 347 1784 textum
364 1727 452 1782 nobis
476 1727 656 1798 relinquitis,
681 1726 748 1798 quia
765 1727 836 1782 nihil
860 1725 936 1782 aliud
960 1727 1159 1798 concluditis,
1183 1739 1255 1796 quam

124 1863 132 1874 .
230 1816 320 1870 verba
338 1833 405 1888 esse
424 1816 507 1871 aliter
523 1815 707 1886 accipienda,
733 1833 820 1886 quam
837 1825 950 1871 sonant.
986 1815 1151 1890 Quomodo
1174 1825 1256 1870 autem

231 1906 291 1962 sint
313 1905 500 1980 accipienda,
525 1920 647 1976 prorsus
671 1907 770 1962 dicere
782 1923 846 1962 non
863 1905 1006 1977 potestis,
1031 1893 1120 1977 et¹que
1141 1909 1184 1962 sic
1199 1921 1256 1958 con.

209 1989 369 2078 „sciendae
386 1997 547 2051 clamorem
563 1997 706 2063 transitis,
724 2013 799 2068 quae
816 1988 932 2064 verbis,
958 2005 991 2052 ut
1007 2005 1132 2063 sonant,
1156 1995 1257 2052 morde.

230 2093 299 2152 tur,
326 2099 395 2140 cum
419 2103 569 2157 nunquam
592 2102 627 2142 ea
651 2087 732 2141 aliter
758 2086 851 2158 accipi
876 2086 1012 2154 audierit,
1042 2103 1132 2159 quum
1157 2092 1254 2142 sonant.

233 2173 336 2248 Qualis
354 2185 449 2232 autem
466 2176 504 2232 sit
521 2176 569 2232 ille
580 2178 718 2248 spiritus,
736 2178 786 2248 qui
805 2177 902 2234 solum
915 2177 989 2232 haec
1008 2177 1108 2242 efficit,
1126 2187 1162 2235 ut
1174 2175 1255 2232 nullus

231 2273 332 2320 textus
358 2265 395 2320 sit
418 2265 447 2320 in
474 2267 732 2334 coenanomini,
760 2265 969 2321 deindealiter
992 2266 1161 2338 accipianda
1184 2264 1257 2320 verba

232 2371 321 2426 quem
338 2365 458 2422 sonant,
478 2357 629 2412 contendit
645 2366 747 2411 contra
764 2356 895 2418 omnium
911 2355 1072 2425 linguarum
1090 2373 1194 2424 usum,
1212 2369 1257 2409 nec

232 2445 295 2500 uult
309 2463 366 2500 nec
381 2457 485 2518 potest
501 2431 645 2519 probare,
669 2447 696 2500 id
722 2447 819 2516 ipsum
845 2445 929 2500 facile
954 2455 999 2500 est
1018 2446 1164 2516 judicare.
1196 2447 1258 2500 Cum

232 2533 320 2602 igitur
336 2551 480 2604 perverso
504 2535 606 2590 ordine
626 2551 681 2593 vos
704 2534 883 2610 transilieris,
908 2535 977 2608 quid
998 2533 1145 2605 nominis,
1169 2534 1258 2590 deinde

232 2621 303 2692 quid
320 2621 380 2688 rei,
403 2623 464 2676 sive
482 2622 553 2694 quid
569 2623 697 2678 nominis
714 2625 874 2696 quaeratis,
897 2609 1007 2680 stdmus
1029 2634 1133 2684 contra
1150 2640 1204 2681 vos
1226 2623 1259 2676 in.

232 2709 322 2777 victi,
341 2711 605 2779 dicentesfvetba
622 2713 665 2766 sic
684 2724 805 2778 sonant,
824 2731 881 2768 nec
898 2715 1041 2770 contrarie
1059 2725 1108 2770 aut
1125 2716 1207 2770 aliter
1221 2728 1259 2764 ac.

232 2798 366 2875 cripienda¹
386 2815 451 2855 esse
468 2800 525 2856 ulla
542 2799 650 2870 syllaba
667 2803 814 2874 probatis,
837 2803 897 2858 imo
914 2802 1087 2864 contemtim
1106 2802 1260 2859 transilitis:

231 2887 297 2942 ideo
315 2897 512 2956 certumst,
533 2905 589 2944 vos
615 2907 720 2945 errare.
753 2891 934 2948 Praesertim
961 2892 991 2946 in,
1006 2892 1097 2946 sacris
1111 2893 1203 2950 literis
1219 2907 1261 2943 ne.

230 2994 316 3034 cesse
333 2985 395 3048 est,
414 2979 481 3052 quid
499 2979 626 3037 nominis
643 2978 770 3051 primum
792 2989 820 3036 et
838 2981 1037 3037 certissimum
1052 2979 1181 3050 habere,
1203 2980 1261 3056 quie

228 3067 264 3123 de
283 3067 372 3124 rebus
389 3069 545 3138 incognitis
564 3079 593 3124 et
608 3079 721 3124 tantum
737 3069 793 3126 fide
810 3071 958 3142 perceptis
976 3071 1081 3148 agitur.

293 3207 384 3270 Nunc
397 3209 431 3267 ad
448 3209 721 3280 tuum‘perversum
735 3208 867 3262 ordinem
879 3210 984 3276 venio,
996 3227 1065 3282 quo,
1084 3219 1231 3266 contemto
1242 3211 1260 3274 ¹)

232 3295 302 3368 quid
320 3281 461 3374 nominis,
484 3297 570 3352 sudas
583 3298 617 3351 in
635 3298 705 3368 quid
722 3297 773 3352 rei.
808 3299 854 3352 Ac
872 3296 997 3375 primurn
1014 3293 1097 3354 valde
1115 3301 1221 3354 vellem
1236 3309 1261 3352 te

229 3385 368 3440 omisisse
386 3385 526 3458 plurima,
553 3403 626 3458 quae
651 3387 762 3457 absque
779 3387 866 3442 dubio
885 3405 933 3442 me
955 3389 1007 3443 tibi
1024 3407 1084 3444 non
1102 3393 1262 3446 concedere

228 3474 325 3540 nosti,
349 3491 386 3528 ne
404 3483 528 3554 tempus·
543 3486 572 3530 et
588 3477 677 3530 verba
695 3476 817 3546 perdere
844 3495 918 3548 opus
943 3489 1032 3534 esset.
1048 3472 1051 3480 ¹
1067 3481 1123 3534 Sed
1149 3482 1214 3554 quia
1237 3480 1261 3533 id

228 3565 302 3618 forte
318 3581 378 3620 non
395 3574 497 3634 poteS‚
515 3567 668 3633 novellus,
686 3577 717 3620 ut
733 3566 836 3640 video,
859 3567 962 3636 rhetor
981 3585 1019 3622 ex
1035 3569 1141 3625 libellis
1159 3570 1262 3642 absque

229 3663 421 3735 praeceptore
438 3658 549 3723 factus,
567 3655 732 3710 donandum
748 3667 796 3711 cst
812 3656 873 3711 hoc
891 3659 941 3713 tibi
959 3669 987 3713 et
1005 3647 1174 3716 ferendum(
1218 3729 1221 3736 1

227 3795 746 3816 mm

236 3899 238 3904 ’
279 3889 301 3944 ll
312 3886 407 3933 Au'ril.
427 3889 557 3935 contemtu.
