2682 4586
248 275 310 342 tsi
724 271 848 346 isat·

240 432 370 502 judicio.
402 434 453 490 Sic
474 433 584 492 Caesar
605 442 649 490 est
671 435 810 492 dominus
836 421 866 490 et
891 425 1029 490 detentor
1052 431 1137 488 etiam
1160 431 1281 494 liliorum

243 536 347 578 eontra
364 527 499 596 ‘parentes
517 537 674 595 tyrannos,
700 543 716 579 a
731 525 985 598 nenorensem.
1004 525 1110 598 -Quod
1135 524 1159 576 si
1180 523 1283 596 Caesar

240 627 303 666 non
321 601 467 680 defendit,
491 615 591 683 proles
615 615 694 668 terre
716 613 804 669 debet
828 623 977 686 paternam
993 612 1183 684 tyrannidem.
1216 611 1280 664 Me.

239 701 312 756 mini
330 703 366 754 de
383 702 441 756 hae
458 719 489 756 re
507 703 636 758 libellum
654 721 670 757 a
686 719 734 757 me
753 699 869 780 e'ditum.
903 701 984 758 Haec
1002 701 1074 756 ratio
1098 701 1169 754 mihi
1190 692 1281 753 libate

243 798 309 856 est,
333 799 366 844 ut
383 791 433 864 qui
450 793 573 859 volunt,
594 793 682 871 iacile
699 807 752 848 eos
770 793 954 858 concordem
972 783 1135 846 secundum
1152 787 1282 857 Evange.

243 879 336 947 lium,
352 881 403 950 qui
420 881 543 950 nolunt,
559 897 633 936 mox
652 899 668 935 a
684 899 733 946 me
751 883 784 936 ad
803 883 960 942 Caesarem
977 883 1112 950 relegem.
1146 880 1191 933 Sis
1207 879 1280 932 enim

142 981 147 1000 ¹
239 978 320 1022 tutus
345 985 421 1025 sum.
456 969 517 1046 Qui
540 972 619 1026 enim
642 973 746 1028 uolunt
769 971 963 1040 Evangelium
985 971 1101 1038 audire,
1124 968 1280 1038 Evangelio

237 1076 298 1113 nee
314 1061 371 1116 trui
392 1061 510 1117 debent.

303 1171 379 1226 Illud
396 1183 469 1228 vero
486 1174 625 1228 oevillum
642 1183 690 1229 ost
713 1175 887 1242 ridiculum,
913 1173 994 1246 quod
1016 1172 1107 1227 verba
1128 1171 1165 1224 de
1187 1171 1280 1224 loturo

143 1247 147 1270 ⁸
236 1263 460 1332 uon-obligent:
483 1265 541 1319 soit
557 1273 619 1318 tota
638 1264 796 1320 Germania
809 1304 818 1332 ,
833 1266 858 1332 1)
876 1265 957 1336 quod
975 1273 1075 1318 nostra
1089 1263 1187 1332 lingua
1204 1278 1283 1332 prae.

235 1363 354 1412 sentem
369 1354 499 1408 animum
516 1363 545 1408 et
560 1364 746 1425 praesentem
763 1355 995 1424 promissionem
1011 1353 1075 1408 istis
1100 1339 1201 1406 v'erbis
1221 1352 1282 1426 elo.

237 1443 356 1515 quitur:
382 1441 433 1508 {idi
451 1439 508 1500 niti
524 1442 697 1508 bidl'btlbtllr
723 1443 761 1508 idi
778 1441 834 1500 niu
851 1442 905 1526 biti)
922 1445 1043 1506 belluim.
1078 1441 1169 1516 Quod
1193 1441 1218 1494 si
1234 1456 1280 1492 co.

234 1533 304 1605 pula
321 1532 348 1596 2)
365 1547 528 1603 corporum
545 1541 574 1586 et
592 1533 722 1602 impletio
745 1531 950 1604 promissionis
977 1533 1073 1585 futura
1097 1531 1160 1584 istis
1183 1529 1279 1583 verbis

233 1621 418 1689 intelligitur,
434 1621 567 1692 nunquid
585 1623 648 1692 ipse
666 1639 787 1694 quoque
805 1623 917 1680 animus
935 1632 984 1677 aut
995 1620 1152 1692 promissio
1165 1635 1280 1692 quoque

233 1709 329 1764 lutura
346 1718 446 1780 potest
462 1709 601 1780 intelligi?
617 1708 643 1775 3)
658 1711 750 1774 «Nou
768 1714 845 1766 enim
862 1712 943 1766 aliter
958 1725 1064 1782 posses
1080 1709 1150 1764 illud
1160 1709 1281 1766 Germa.

236 1801 353 1880 nicom:x
379 1796 431 1865 Sd)
447 1795 503 1858 niti
521 1796 574 1864 bid)
591 1799 692 1864 babent
718 1801 805 1856 latine
822 1811 958 1866 vertere,
983 1817 1070 1872 quam
1095 1815 1149 1869 ego
1167 1799 1236 1853 volo
1254 1807 1281 1851 te

237 1889 368 1956 habere,
385 1890 460 1956 ‘vel‚
480 1889 551 1944 volo
569 1897 597 1942 te
615 1890 769 1960 accipere,
792 1891 903 1945 etiamsi
922 1891 1098 1945 adverbum
1114 1889 1278 1944 musterus.

236 1982 281 2035 At
297 1980 367 2045 volo
393 1988 439 2032 est
463 1979 625 2050 praesentis
649 1980 783 2034 verbum.
818 1980 865 2035 Sie
881 1973 913 2047 4)
937 1982 1095 2052 loquimur.
1128 1978 1185 2033 Sed
1205 1978 1280 2048 juris

215 2068 356 2139 “quidam
374 2068 500 2122 consulti
511 2060 535 2136 5)
549 2057 622 2122 mud
639 2068 685 2122 sie
702 2069 849 2124 somniant
865 2070 953 2126 verti:
970 2069 1021 2135 titii
1030 2067 1084 2126 niti
1098 2065 1151 2133 tid
1163 2068 1281 2131 utinum

233 2157 263 2210 id
281 2167 344 2226 est,
364 2175 416 2214 ero
432 2169 462 2213 te
480 2158 633 2229 accipere,
650 2159 697 2212 vel
710 2159 739 2213 in
751 2159 883 2214 futurum
894 2170 921 2220 te
939 2160 1098 2230 ateoipiam,¹
1114 2175 1173 2230 quo
1185 2167 1278 2211 tamen

233 2245 299 2318 ipso
315 2249 408 2304 modo
425 2249 523 2302 nullus
541 2247 711 2306 Germanus
735 2249 869 2318 intelligit
892 2250 1021 2304 futuram
1038 2248 1279 2319 promissionem,

193 2391 194 2398 ,
233 2339 288 2393 sed
304 2355 411 2394 omnes
429 2349 626 2410 praesentem.
660 2337 741 2412 Quin
759 2339 784 2392 si
804 2349 888 2412 pater
913 2339 996 2397 dicit:
1023 2339 1098 2392 dabo
1122 2337 1173 2392 tibi
1196 2337 1280 2391 liliam

233 2447 381 2500 uxorem,
407 2429 575 2501 intelligitur
596 2430 758 2501 promissio
786 2432 947 2502 praesentis
964 2431 1067 2486 animi:
1092 2431 1201 2502 alioqui
1223 2446 1280 2484 non

236 2521 344 2588 video,
371 2521 524 2592 quomodo
548 2521 646 2589 possis
662 2520 759 2580 ,filiam
779 2522 969 2604 promittere,
991 2521 1046 2577 nisi
1068 2521 1161 2576 verbo
1177 2521 1281 2574 ,tuturo

232 2620 424 2683 praesentem
444 2611 574 2668 animum
597 2619 628 2664 et
651 2609 881 2682 promissionem
907 2610 1018 2668 omres.
1050 2611 1181 2666 Verbum
1208 2625 1278 2666 tero

236 2717 397 2772 praesens,
421 2699 477 2768 do»,
498 2699 636 2771 accipio,
662 2709 708 2754 est
725 2699 825 2770 potius
843 2701 974 2756 solennis
993 2702 1115 2772 copulae
1131 2695 1160 2767 ⁶)
1178 2689 1280 2770 etipsa

232 2789 352 2844 traditio
369 2791 456 2844 realis
473 2807 508 2843 ae
532 2790 717 2860 personalis,
742 2805 815 2860 quae
839 2791 986 2860 sponsalia
1006 2791 1065 2846 diei
1090 2790 1147 2847 nisi
1171 2789 1208 2846 ab
1232 2789 1282 2843 im.

137 2885 141 2899 ¹
233 2877 335 2950 peritis
352 2877 534 2948 nugigerulis
551 2895 612 2932 nou
630 2887 763 2948 possunt.
848 2923 851 2934 .
924 2923 926 2932 .

299 2996 420 3051 Summa
439 3004 468 3049 et
485 2993 602 3048 Caesari
620 3009 695 3064 opus
712 2993 763 3047 hie
779 3002 824 3050 est
840 2995 963 3068 ἐπιεικίᾳ,
979 2997 1055 3052 sicut
1066 3005 1095 3052 et
1108 2997 1137 3051 bl
1148 2995 1281 3052 omnibus

234 3086 315 3153 aliie,
340 3095 373 3139 ut
390 3101 447 3153 neo
465 3084 635 3156 parentibus
654 3084 800 3138 saeviendi
819 3094 849 3138 et
868 3087 1082 3156 proterviendn
1107 3088 1209 3142 rursus
1225 3097 1280 3138 neo

234 3174 301 3230 filiis
317 3168 442 3229 audiendi
460 3183 488 3227 et
504 3173 711 3228 contemnendi
732 3174 881 3228 licentiam
903 3177 1052 3246 praebeat.
1085 3175 1152 3231 Nos
1176 3176 1279 3247 quibus

236 3279 307 3317 cum
324 3263 400 3332 piis,
420 3263 623 3332 audientibus,
647 3263 826 3331 mansuetis,
851 3267 993 3334 agendum
1012 3255 1075 3335 es't,
1086 3255 1088 3260 ’
1101 3266 1155 3320 ista
1172 3267 1282 3320 incom-

223 3353 323 3411 moda
347 3369 408 3407 non
432 3363 570 3422 gravant,
588 3353 620 3406 ‘si
643 3353 782 3408 volumus
806 3369 919 3427 sapere.
952 3357 1025 3413 Vale
1041 3367 1072 3412 et
1088 3371 1138 3412 ota
1154 3372 1208 3428 pro
1224 3369 1282 3406 me.

127 3475 138 3492 .
191 3463 193 3484 ¹
225 3442 261 3522 xi.
276 3442 424 3510 Januarii,
440 3441 640 3500 MDXXVII.

945 3629 947 3634 Ι
962 3551 1111 3614 Martinus
1128 3551 1252 3608 Ludter.

286 3880 306 3932 1)
321 3881 416 3926 Auris.
430 3894 463 3928 se.
477 3882 532 3926 tota
544 3882 671 3927 Germania
683 3883 762 3928 novit.
810 3884 833 3936 2)
846 3883 940 3928 Aurif.
959 3882 1036 3940 eopia.
1084 3883 1109 3928 3)
1126 3876 1215 3925 Auris.
1235 3875 1280 3920 int

235 3953 288 4008 pol.
312 3955 335 4006 t)
346 3953 481 4004 Auridai.
503 3955 622 4012 dibudd.
631 3956 761 4026 coriatam,
771 3955 832 4004 etat.
842 3957 880 4004 ain
889 3957 1024 4011 wettieiti·
1049 3953 1170 4011 dinarii.
1183 3947 1277 4006 copulo
