2682 4586
525 304 617 375 1527.
789 304 792 308 ’
891 409 894 420 ’
1030 306 1125 378 1l7=

58 454 136 526 nimis
160 459 356 530 syncopisans
382 459 581 521 Germanica?
619 466 753 538 Syncope
779 467 923 524 dicimus:
951 463 985 524 tu
1005 461 1091 528 fudit

61 545 113 601 uiti
128 546 211 609 liunt
229 549 312 619 quod
330 550 456 606 Dolzika
473 554 631 608 severitate
649 556 805 610 dicendum
822 565 917 612 esset:
943 556 978 613 att
996 551 1089 620 [attali
1134 559 1139 582 ¹

60 635 101 691 ult
113 639 141 692 u
151 636 238 697 dun..
262 638 352 707 Vide,
370 657 445 710 quae
455 643 545 712 gratia
556 656 702 713 syncopes
713 655 744 698 et
755 661 831 715 quae
842 661 949 708 nausea
961 645 1089 713 regulae.

58 724 80 776 ti
93 743 228 795 quaeras:
246 726 377 787 {Butam
394 729 460 794 titali
478 731 597 790 tri-tta?
614 735 787 802 regulariter
802 735 944 804 uicinus,
963 734 1090 796 terrula

59 829 119 869 voce
136 817 316 874 solitudinis:
334 835 439 875 rursus
455 837 533 876 voce
550 825 711 892 aggregati,
729 840 862 895 syncope
879 824 1001 893 eleganti
1017 823 1090 878 dici.

59 913 106 960 tur:
131 905 182 972 δώ
203 905 275 964 utut
293 909 387 967 tratti
402 910 473 974 uictu
488 909 585 978 Μαι)
612 915 693 983 quod
711 923 821 984 quanto
839 915 907 969 odio
925 897 1105 971 dicereturt'

59 989 98 1058 llll
115 993 170 1052 uta
192 998 222 1052 td
244 997 355 1055 autumi
376 997 448 1062 nisit
470 997 571 1066 illita?
604 1001 652 1054 Ad
668 999 840 1070 thuringos
858 1019 927 1056 cum
944 1003 1006 1058 istis
1023 1004 1091 1058 bar.

59 1073 121 1140 baris
139 1085 365 1142 Germanismis.
399 1089 507 1156 Vides,
534 1107 624 1162 quam
649 1093 740 1160 arguti
763 1108 821 1146 nos
843 1107 963 1163 quoque
984 1095 1089 1160 simus.

61 1173 149 1230 Caveat
172 1193 243 1245 ergo
268 1178 416 1233 Dolzikus
439 1178 495 1234 sibi
522 1197 537 1233 a
561 1183 747 1249 grammatica
772 1198 885 1251 pugna,
914 1183 1091 1252 praesertim

65 1263 85 1315 si
96 1282 143 1320 nos
157 1267 305 1324 lacessere
322 1278 430 1338 tentet,
450 1270 502 1341 qui
518 1271 606 1324 uobis
623 1270 788 1325 Aristarchi
806 1270 870 1338 bis,
887 1281 950 1339 ter,
968 1284 1089 1345 quater,

16 1411 17 1414 Ἰ
64 1353 185 1411 videmur.
218 1357 300 1412 Haec
312 1359 398 1428 joco.
415 1362 439 1427 ²)

110 1477 183 1532 Seria
200 1489 270 1534 sunt
286 1481 390 1549 valde,
407 1481 448 1536 mi
465 1480 609 1554 §palatine
621 1493 640 1548 ‚'
654 1481 689 1536 de
707 1483 806 1554 rapina
822 1481 1088 1552 monasteriorum,

59 1573 81 1618 et
95 1569 192 1636 crede,
216 1583 347 1624 macerat
368 1588 417 1626 res
441 1572 496 1627 ista
520 1589 567 1626 me
586 1571 789 1628 vehementer.
823 1573 889 1642 Ego
908 1573 1026 1642 scriptis
1045 1572 1091 1642 egi

54 1649 227 1728 jamdudum,
253 1663 335 1731 quod
360 1662 448 1732 petis·
481 1663 549 1716 lloc
567 1681 627 1716 non
646 1673 804 1717 contentus
824 1661 912 1733 irrupi
937 1663 1023 1726 (dum
1040 1662 1093 1718 hic

59 1757 107 1800 erat
124 1748 280 1822 Princeps)
304 1751 402 1805 invitis
425 1741 562 1806 clunibus
587 1753 674 1806 etiam
698 1753 727 1806 in
750 1752 847 1806 cubile
865 1750 1031 1822 Principis,
1057 1759 1092 1806 ut

59 1837 140 1892 solum
156 1840 348 1896 convenirem
364 1857 454 1914 super
470 1841 527 1895 hac
546 1859 596 1906 re,
614 1842 700 1896 Unus'
716 1839 818 1903 illiciti
835 1842 964 1907 astabat,
981 1841 1092 1912 lmpro.

59 1925 140 1980 visum
156 1915 309 1986 adoriebar
325 1930 516 2001 Principem,
533 1942 672 2001 quaestus
689 1947 740 1998 ea,
766 1945 840 2001 quae
858 1941 890 1984 tu
907 1930 1014 1986 scribis
1031 1933 1091 1984 fer.
1178 1977 1184 1989 ,

59 2029 112 2084 me,
134 2035 201 2072 cum
226 2019 304 2074 idern
330 2031 397 2074 ante
423 2023 503 2074 fures
528 2019 647 2075 drmi'ori
663 2019 796 2091 Principi
821 2037 941 2090 quoque
968 2021 1093 2084 fuissem

46 2117 201 2189 praestus,
217 2119 248 2163 et
259 2109 307 2163 ille
319 2125 352 2164 se
364 2109 536 2164 ostenderet
548 2125 635 2178 aegre
647 2111 726 2162 ferre
738 2109 921 2177 hujusmodi.
952 2109 1092 2180 Respon.
1173 2169 1176 2179 1

60 2206 179 2264 uuest,
198 2179 319 2252 cautuin
335 2198 381 2266 iri,
398 2207 432 2252 ut
449 2207 530 2252 recte
548 2197 652 2267 fierent
668 2198 775 2252 omnia.
808 2196 889 2270 Quid
902 2197 1018 2251 dicam?
1035 2197 1092 2274 sub

61 2284 153 2351 optirnu
167 2287 307 2358 Principe
323 2297 425 2342 metuo
443 2287 515 2341 mihi
534 2295 563 2340 et
580 2286 665 2343 nobis
682 2285 820 2339 omnihus
839 2287 938 2340 fumos
948 2325 957 2352 ,
983 2287 1090 2354 fucos,
1139 2279 1145 2283 ’

60 2370 150 2428 fabulas
164 2377 302 2445 obtrudi,
327 2378 414 2430 etiam
432 2378 469 2431 ita
486 2365 523 2429 ut*
535 2386 654 2429 autores
672 2375 789 2428 nescire
808 2391 958 2441 cogamur.
993 2375 1092 2429 Fride.

58 2461 139 2520 ricum
153 2484 217 2522 esse
233 2479 385 2522 mortuum
402 2477 516 2536 putant,
540 2463 597 2519 hac
615 2464 754 2535 opinione
771 2465 870 2532 Reges
890 2473 958 2517 suut
984 2464 1012 2518 iu
1032 2464 1091 2518 hac

56 2559 135 2622 terra,
149 2559 258 2612 utinam
269 2567 401 2614 nontam
413 2555 550 2610 feliciter.
584 2553 624 2608 Et
642 2563 688 2608 est
705 2553 776 2608 illud
794 2554 996 2608 acetissimum
1014 2552 1090 2612 mihi

54 2653 171 2713 acetum,
196 2648 277 2718 quod
303 2657 386 2702 antea
410 2646 444 2714 ii,
468 2647 517 2716 qui
542 2645 703 2714 Evangelio
727 2645 833 2698 hostes
860 2644 956 2711 (nunc
980 2645 1086 2702 hostes

53 2741 275 2800 perseverantes)
290 2735 437 2790 Friderico
450 2733 581 2804 Principi
594 2733 801 2788 dissentiebant
817 2733 846 2786 in
864 2724 986 2802 pietate,
1004 2737 1087 2806 nunc

52 2823 158 2889 praedae
175 2826 335 2887 occasione
352 2825 475 2892 ludunt,
501 2823 613 2896 rident,
630 2823 659 2889 ²)
684 2823 817 2876 exultant
840 2823 935 2888 ditati,
952 2819 978 2888 ³)
1002 2823 1085 2894 quod

53 2911 100 2962 sub
116 2911 259 2984 Evangelii
275 2915 394 2968 nomine
412 2917 454 2967 eis
472 2913 540 2965 licet
557 2911 642 2980 simul
659 2920 689 2964 et
703 2927 837 2966 summos
850 2928 918 2965 esse
931 2903 1086 2980 Evangelii

52 2998 157 3071 hostes,
184 3015 215 3060 et
241 3003 380 3062 omnibus
410 3003 467 3057 frui
490 3001 642 3070 Evangelii
668 2995 806 3068 licentiis.
842 3001 986 3071 Nunquid
1011 2999 1083 3056 huic

15 3115 18 3122 .
50 3090 137 3145 vidisti
156 3094 246 3172 simile
274 3092 435 3164 iniquitati?
467 3089 609 3160 Egoqui
635 3088 806 3159 PrinCipem
829 3089 969 3142 obrutum
993 3088 1083 3144 video
1119 3105 1139 3165 .'
1184 3077 1216 3158 ¹,

52 3179 289 3251 frustramoneri,
317 3181 473 3237 consilium
491 3179 565 3234 aliud
582 3195 642 3232 non
658 3178 774 3244 habeo,
800 3191 890 3249 quam
908 3179 989 3248 quod
1006 3179 1081 3242 mihi
1128 3187 1149 3230 .·

51 3271 154 3337 publico
169 3275 268 3328 libello
284 3272 450 3327 monendus
468 3287 533 3328 esse
549 3268 819 3342 videturPrinceps
827 3309 836 3336 ‚
856 3278 886 3322 ut
900 3270 1084 3324 monasteria

51 3359 125 3412 aliter
145 3365 338 3428 administret,
364 3363 388 3436 si
413 3361 488 3414 forte
513 3360 555 3414 sic
580 3359 619 3410 illi
642 3355 799 3435 pudefiant.
835 3357 914 3412 Nam
940 3359 1021 3430 quod
1047 3350 1082 3414 t'tt
1182 3356 1185 3367 ’

49 3464 158 3519 mones,
182 3464 213 3507 ut
236 3469 343 3522 exemp
358 3468 375 3503 o
394 3449 488 3502 fratris
505 3449 605 3502 ductet
625 3460 652 3502 et
669 3447 794 3515 imperet
811 3446 892 3515 ipse,
914 3449 993 3527 ’repeti
1011 3457 1079 3504 esse
1111 3479 1115 3500 .

50 3535 217 3606 insperabile.
250 3541 350 3596 llorno
369 3537 462 3609 fidenis
480 3548 525 3590 est
542 3537 674 3590 omniurn
692 3537 845 3606 expositus
870 3538 1024 3604 versutiis,
1049 3545 1081 3592 et
1167 3549 1171 3562 ·

51 3628 97 3694 qui
119 3613 209 3683 credat
231 3629 370 3688 homines
396 3641 462 3679 esse
486 3624 530 3678 sui
555 3621 684 3688 similes,
712 3625 806 3680 bonos
824 3634 852 3682 et
870 3625 980 3680 fideles.
1014 3625 1079 3688 Ne,

52 3729 132 3782 quam
152 3733 212 3771 esse
235 3728 373 3788 oportet,
399 3714 448 3785 qui
474 3713 611 3786 princeps
638 3729 705 3768 esse
732 3715 837 3780 debet,
870 3725 898 3768 et
920 3712 1076 3786 tyrannum

53 3861 555 3889 ······-··-t·---··-·-···-··

96 3937 421 4023 {laustrradtesuu'c
470 3964 492 4020 2)
507 3922 601 4014 mm
616 3931 724 4011 irrideat.
772 3939 1063 4020 .3lAutil.dilatatl..¹

390 4143 394 4174 l

146 4233 151 4258 l
