2656 4592
430 314 438 380 ἰ
512 321 601 391 reas.
636 297 677 367 τ’
981 353 985 360 -
1020 325 1079 392 sou

91 474 122 527 llo
133 473 220 523 lleur.
233 475 342 523 bloblii
354 475 416 524 lliss.
430 477 486 525 bist
500 479 576 527 theol.
590 493 615 537 p.
628 481 672 530 lo.
686 479 731 528 tsi
741 482 792 527 itm
804 479 953 534 “otomatis
966 480 993 526 itt
1005 480 1036 528 o
1047 481 1079 528 ll.

50 547 132 600 stain
149 549 228 600 otio.
249 549 334 600 sittim
352 545 537 610 demseris.
555 551 613 606 llos
633 555 679 608 otu·
693 541 959 606 strom-lituum
977 567 1001 612 p.
1020 555 1079 610 llis
1144 576 1146 584 ·

50 615 358 675 testiomonium
372 627 428 673 ιιιι.
513 613 520 636 “

53 775 230 840 Venerando
246 755 346 849 Viro,
363 781 503 838 Domino
518 765 693 853 Prooerto,
709 783 846 840 Pastori
860 783 894 870 in
912 783 1005 852 Kilo,
1021 797 1083 840 suo

300 871 419 940 sifieri
432 881 557 945 potest,
570 892 689 948 maqno
705 875 818 930 amico.

52 1015 180 1122 Gratiam
205 1078 236 1123 et
259 1085 372 1141 pacem.
405 1069 446 1126 Et
469 1071 550 1142 quod
566 1073 592 1138 ¹)
616 1071 668 1126 tibi
693 1071 848 1162 prodesse
859 1068 1015 1141 sperabas,
1039 1067 1081 1122 ml

52 1152 108 1222 Vir,
124 1167 157 1212 ut
175 1157 261 1213 bonis
278 1158 379 1215 verbis
395 1161 472 1232 apud
489 1177 537 1215 me
555 1161 728 1228 simulares,
747 1169 776 1214 te
793 1175 860 1214 esse
877 1168 989 1213 tantum
1004 1157 1082 1210 veri.
1085 1175 1088 1182 ·

45 1245 104 1299 tatis
124 1251 306 1304 amatorem?
339 1247 404 1318 Ego
421 1249 537 1306 scilicet
553 1249 737 1322 simplicitate
756 1247 924 1302 columbina
940 1245 1082 1316 viperinis

52 1334 98 1389 tuis
119 1335 264 1393 blanditiis
288 1339 414 1396 credens
438 1341 535 1395 studui
563 1341 615 1394 tibi
637 1339 832 1408 Evangelium
856 1337 1083 1404 commendare,

52 1427 108 1490 sed,
123 1437 155 1482 ut
165 1430 270 1499 video,
286 1429 356 1502 lupo
368 1431 571 1486 commendavi
584 1449 682 1490 ovem.
716 1431 773 1485 Sed
784 1430 844 1484 noli
860 1439 958 1484 tamen
970 1443 1083 1482 errare:

51 1517 222 1578 mendacium
239 1536 300 1576 non
317 1520 450 1576 subsistit
466 1521 534 1589 diu,
551 1521 675 1590 veritate
692 1529 790 1574 autem
807 1517 995 1573 confunditur
1011 1517 1083 1570 cito.

53 1601 243 1688 Quamobrem
259 1609 366 1664 ¹desine
378 1626 464 1664 meas
481 1610 582 1666 literas
608 1617 774 1677 ostentare,
802 1619 831 1663 et
849 1613 927 1662 tuam
943 1607 1084 1660 insaniam

52 1689 141 1750 contra
151 1712 199 1752 me
217 1699 404 1756 confirmare.
437 1699 499 1754 Scit
515 1699 594 1770 enim
607 1698 789 1756 couscientia
806 1709 871 1766 tua,
890 1697 970 1770 quod
981 1693 1086 1766 nequi.

52 1793 89 1838 ter
102 1797 130 1842 rt
146 1787 259 1846 dolosis
277 1788 375 1843 verbis
392 1805 441 1844 ess
459 1789 559 1846 literas
581 1806 597 1842 a
618 1807 669 1844 me
690 1789 868 1861 impetrasti,
894 1797 923 1842 et
945 1787 1026 1858 quod
1048 1787 1084 1840 ad

51 1871 159 1936 hostem
173 1865 324 1947 Evangelii
342 1879 387 1934 sio
403 1897 464 1934 nou
486 1879 750 1952 scripsissemnisi
773 1880 931 1950 deceptus,
952 1878 982 1932 id
1004 1877 1085 1948 quod

51 1962 102 2031 jam
123 1976 244 2022 testatus
268 1983 336 2022 sum
359 1967 436 2039 apud
456 1976 547 2036 tuos,
572 1979 602 2024 et
618 1968 675 2023 nisi
696 1967 838 2035 desieris,
863 1985 918 2035 ego
935 1967 1030 2038 palam
1054 1967 1085 2022 iu

53 2052 114 2109 orbe
125 2057 290 2128 nequitiam
299 2067 378 2112 tuam
395 2056 547 2112 revelabo.
577 2056 653 2112 Esto
667 2073 753 2124 sane,
771 2055 973 2110 Melchior'em
984 2056 1087 2108 nolue-

53 2142 99 2216 un
112 2145 295 2216 tumultuari,
314 2154 343 2203 at
359 2145 485 2214 credidi,
503 2156 533 2200 te
550 2161 619 2202 esse
628 2145 773 2217 placidum
791 2154 821 2200 et
837 2145 986 2198 sincerum
999 2143 1085 2200 verbi

55 2231 216 2308 doctorem,
237 2248 271 2290 ut
293 2235 388 2292 multo
417 2236 514 2292 minus
541 2235 687 2290 voluerim
714 2243 745 2288 te
771 2237 800 2289 in
823 2234 911 2290 verbi
932 2233 1086 2288 ministros

55 2323 128 2380 etiam
144 2342 273 2399 uuquam
289 2325 480 2398 inquietiores
494 2325 724 2388 debacchantem
737 2333 765 2378 et
780 2325 921 2378 iurantem
935 2323 1085 2378 concitare
1182 2321 1184 2330 ’

55 2421 78 2466 et
96 2416 315 2484 animare,esed
338 2418 437 2488 potius
463 2415 621 2470 admonere
647 2423 677 2468 et
701 2413 844 2480 retinere,
877 2413 903 2471 si
929 2412 1086 2468 scivissem

52 2498 159 2561 hostem
177 2493 249 2562 'esse
271 2516 312 2561 te.
345 2505 448 2565 Miror
472 2519 561 2574 sane,
585 2505 667 2578 quod
686 2514 742 2559 vos
766 2503 934 2559 levissimos
956 2502 1085 2574 papistas
1184 2545 1198 2564 ,

52 2590 179 2664 delectet,
205 2610 324 2650 causam
340 2603 470 2654 vestram
493 2595 568 2652 dolis
592 2604 622 2650 et
638 2593 801 2649 mendaciis
824 2599 923 2663 agere.
958 2591 1038 2666 Quin
1052 2593 1086 2658 2)
1128 2657 1136 2676 7
1231 2611 1234 2633 ¹

50 2683 199 2748 pudescitis
216 2684 350 2752 taudem,
376 2683 459 2755 quod
475 2682 548 2738 nihil
565 2683 691 2755 potestis
708 2683 738 2736 in
753 2691 854 2738 vestro
871 2682 990 2752 negotio
1008 2681 1085 2736 aliud
1184 2689 1188 2697 '

50 2787 127 2839 quam
143 2774 244 2828 fallere
268 2785 298 2828 et
314 2774 446 2841 mentiri,
473 2773 559 2844 quasi
573 2773 625 2828 lux
642 2790 702 2828 nou
721 2773 759 2828 sit
782 2773 870 2827 etiam
889 2771 1023 2826 tenebras
1039 2787 1086 2874 5⁸-

49 2859 228 2928 prelre'nsura.
261 2862 379 2930 Habes,
405 2862 477 2934 quid
502 2861 574 2940 velit
594 2862 673 2918 haec
695 2861 855 2916 admonitio
873 2874 954 2926 mea,
980 2876 1035 2924 eu,
1059 2861 1084 2914 si

50 2949 134 3021 rapis,
152 2953 261 3008 desiste
278 2950 392 3008 abhoc
409 2967 517 3022 genere
521 2933 707 3006 astutiarum
722 2959 826 3006 contra
843 2966 918 3016 uos,
943 2964 1016 3020 quae
1034 2950 1084 3004 tibi

48 3053 103 3094 nou
123 3043 302 3110 succedent,
333 3058 368 3096 uc
392 3043 528 3114 permitte
551 3056 671 3120 cursum
695 3038 790 3094 verbo
814 3037 884 3094 Ilei.
923 3037 988 3092 Vidi
1013 3047 1087 3094 tuos¹
1129 3051 1131 3060 ‘

49 3128 202 3188 virulentos
224 3128 365 3204 rythmos
388 3131 419 3186 in
442 3146 491 3184 me
514 3130 663 3200 scriptae,
688 3130 741 3184 sed
767 3128 928 3199 sipergis,
950 3127 1085 3182 recident
1107 3139 1111 3147 “

49 3213 75 3268 io
98 3231 180 3291 caput
202 3229 297 3276 mum.
336 3219 410 3275 Vale
439 3227 469 3274 et
494 3217 650 3288 resipisce.
689 3215 837 3274 Sabbatha
860 3225 929 3288 post
951 3215 974 3270 J
977 3215 1093 3272 ubilat&

49 3303 253 3373 Mnxxvnb

473 3410 571 3470 Manu
587 3411 707 3485 propria
753 3447 756 3452 ,
801 3481 803 3484 Ι

722 3517 872 3573 Martinus
890 3517 1055 3608 Luthems7

53 3809 563 3837 ——m--a--a--n—-m

97 3913 115 3962 ι)
129 3914 159 3963 st
172 3915 227 3969 mut
238 3916 301 3968 ιιιιιι
315 3915 371 3972 quie
385 3913 478 3968 sallent
492 3879 643 3968 audierint
655 3915 681 3961 et
692 3911 811 3968 ammom
822 3913 911 3962 uertat
924 3921 953 3966 to
964 3909 1058 3965 atomo

96 3984 260 4045 votorum,
275 3991 329 4038 obst
341 3989 383 4042 ιιι
397 3985 452 4043 ruit
465 3987 535 4039 aiot.
635 4015 640 4024 =

1119 4037 1126 4063 l
