2650 4586
496 273 585 352 ιιιι.
997 279 1195 348 ιιι·

106 431 217 491 Primum
233 434 314 509 quod
329 439 420 495 doces
438 435 515 511 nte,'
530 459 598 496 esse
618 443 702 497 locos
720 442 887 514 Scripturas
900 457 955 508 per
971 439 1059 492 eolla.

57 521 143 578 tionem
165 527 281 582 aliorum
304 529 444 584 locorum
462 533 679 603 exponendos,
706 543 734 588 et
757 533 814 585 hae
840 532 940 600 regula
966 531 1059 582 fretus

55 609 147 682 incipis,
163 624 190 670 et
203 615 324 671 loannis
343 629 430 689 capnt
447 629 566 674 sextum
583 621 664 674 velut
679 622 802 674 lneem
796 639 823 674 ιιι
838 619 929 674 verba
948 633 1059 672 coenae

52 700 150 758 Domni
163 705 287 775 adferre,
312 707 381 776 hio,
409 725 537 780 quaeso,
562 727 612 766 me
633 677 775 782 patienter
799 710 874 763 audi.
908 709 938 764 Si
962 705 1058 762 omnis

52 789 119 844 locus
133 793 301 866 Scripturas
295 812 355 868 ‚per
378 798 464 852 elium
482 801 580 854 locum
605 801 657 856 est
674 801 886 872 exponendus,
912 800 979 870 quis
1003 796 1059 850 erit
1108 811 1110 822 ·

52 877 100 932 finis
119 885 272 940 conferendi
295 888 382 942 locos
406 888 594 960 Scriptus-ae?
628 889 705 964 Quia
728 891 785 944 huc
810 890 921 944 ratione
938 887 1005 954 liet,
1029 896 1058 942 ut

52 969 126 1024 nullus
140 973 219 1034 locus
232 977 271 1030 sit
287 977 316 1031 ιιι
334 978 481 1048 Scriptura
499 983 598 1034 certus
617 990 645 1032 et
662 979 776 1045 clarus3
799 990 829 1034 et
846 978 899 1032 erit
916 979 1061 1048 quaedam

51 1068 127 1112 nutus
140 1059 249 1118 collatio
267 1065 325 1120 loci
342 1068 376 1120 ad
393 1067 516 1120 locum
508 1085 538 1122 tn
555 1065 707 1121 inlinitum.
741 1069 789 1120 Sic
807 1067 884 1122 alius
892 1074 1060 1136 praesumet

52 1163 169 1217 exponere
190 1165 307 1210 sextum
324 1168 411 1229 caput
425 1157 553 1215 Joannis
569 1175 624 1229 per
640 1175 781 1225 coenatu,
804 1159 882 1212 sicut
905 1168 938 1212 tu
955 1169 1059 1210 contra

51 1239 140 1304 pull,
156 1255 236 1315 caput
252 1241 376 1300 Joannis
394 1247 556 1316 praesumis
574 1263 697 1302 coenam
716 1263 884 1318 exponere,
909 1255 939 1299 et
962 1257 1059 1299 utetur

28 1331 31 1338 '
51 1332 196 1400 lungula,
212 1334 330 1392 scilieet
346 1335 446 1390 locum
466 1353 519 1408 per
534 1337 633 1391 locum
650 1355 717 1393 esse
735 1338 953 1408 exponendum.
979 1335 1058 1390 ..Seu

50 1414 105 1470 tisne
117 1417 160 1474 hic
174 1433 200 1480 te
212 1425 290 1480 satis
310 1426 425 1481 infidele
442 1428 661 1482 fundamentum
673 1429 804 1498 jecisse,
830 1438 859 1481 et
880 1444 919 1480 ex
936 1426 1058 1496 particn.

50 1504 84 1558 lari
94 1509 120 1560 ad
130 1512 286 1570 universale
297 1517 459 1586 procedere
468 1521 494 1574 ιΔ
505 1516 651 1574 Νιιιιιειιι
664 1519 774 1586 regula:
792 1519 877 1572 locus
888 1535 942 1588 per
956 1519 1057 1574 locum
1142 1536 1146 1546 ι

49 1598 130 1663 exponi
152 1602 248 1668 debet,
280 1605 391 1676 absque
417 1607 507 1660 dubio
533 1607 715 1678 particularis
744 1619 804 1674 est,
833 1608 1056 1678 scilicetlocns

49 1683 168 1754 ambiguus
183 1698 212 1744 et
229 1691 377 1748 obscurus
396 1693 484 1749 debet
500 1711 554 1766 per
570 1695 671 1750 locum
689 1697 800 1750 clerum
824 1705 853 1749 et
871 1705 984 1750 certum
1003 1709 1057 1750 ex.
1118 1700 1123 1709 ‘

48 1773 106 1840 poni.
135 1777 204 1836 Nam
217 1782 314 1836 cleros
326 1794 356 1838 et
369 1793 468 1838 certos
480 1784 567 1840 locos
579 1786 655 1839 velle
668 1803 720 1857 per
731 1785 916 1841 collationem
927 1785 1057 1846 ¹aliorum

47 1875 179 1934 exponere,
196 1881 242 1924 est
258 1872 395 1944 nequiter
407 1873 560 1928 veritatem
578 1875 716 1944 illudere,
734 1885 764 1930 et
775 1875 894 1928 nebulus
912 1875 940 1927 in
959 1874 1057 1928 lucem

46 1951 138 2010 vehere.
167 1957 303 2016 Similiter
324 1977 429 2017 omnes
454 1963 538 2018 locos
557 1965 632 2018 velle
649 1981 702 2035 per
720 1953 907 2020 collationem
933 1963 1055 2019 aliorum

47 2055 179 2115 exponere,
210 2060 293 2106 esset
316 2060 407 2109 toturn
433 2037 612 2126 Scripturaln
627 2053 666 2107 ιιι
690 2051 833 2108 inlinitum
858 2063 886 2106 et
912 2053 1057 2108 incertum

48 2127 115 2188 chaos
135 2137 322 2206 cqnluudere.
357 2127 466 2194 Suntne
491 2139 567 2194 haec
593 2142 662 2194 satis
688 2142 786 2196 clara?
818 2141 942 2210 Absque
965 2141 1055 2196 dubio
1123 2143 1140 2160 '‘

46 2216 148 2292 intelligis
163 2229 288 2298 pulchre
305 2229 380 2286 haee
405 2229 443 2284 ite
459 2229 580 2284 habere.
614 2229 742 2305 Quando
766 2230 853 2299 igitur
875 2231 932 2284 huc
956 2231 1056 2298 regula

48 2311 182 2372 coolerendi
199 2319 242 2372 uti
260 2320 380 2374 voluisti
398 2337 454 2374 ceu
471 2319 676 2386 fundamento,
703 2321 829 2396 primurn
852 2319 904 2373 erit
922 2319 973 2373 tibi
992 2335 1056 2373 cer.

46 2408 89 2456 tum
108 2415 132 2460 et
146 2407 379 2466 demonstratum
404 2411 590 2486 faciendum,
616 2411 717 2466 locum
739 2427 849 2464 coenae
874 2426 941 2464 esse
966 2411 1056 2463 ambi.

45 2503 108 2552 prum
122 2505 149 2552 et
163 2497 328 2554 obscurum
334 2539 343 2567 ,
360 2499 503 2566 honest,
521 2501 569 2571 qni
587 2510 684 2568 egeret
699 2499 752 2554 ista
770 2499 939 2553 conferendi
957 2499 1055 2568 regida

45 2577 68 2630 ld
87 2598 159 2654 caput
173 2588 302 2644 Joauuis
317 2599 447 2644 sextum.
480 2589 529 2644 Τιι
552 2607 625 2645 vero
649 2589 785 2662 neutrum
809 2593 932 2646 istorum
957 2589 1051 2658 lucis,

43 2682 82 2722 nec
95 2673 286 2745 demonstras,
308 2679 477 2749 ambiguum
501 2695 568 2739 esse
585 2681 685 2734 locum
702 2676 827 2747 coenae,
852 2697 908 2734 nec
926 2679 1054 2751 probas,

44 2764 224 2826 01Ᾰιὶῑιϊοιιιιιιι
250 2769 344 2840 capite
361 2779 449 2824 sexto
457 2761 683 2824 conferendum
709 2785 793 2838 esse,
819 2772 871 2826 sed
895 2781 1054 2866 utrumque

43 2845 130 2908 lortiter
149 2856 412 2914 indemonstratum
430 2867 459 2912 et
478 2859 623 2914 incertum
640 2859 852 2932 apprehendis,
878 2877 1054 2930 praesuppo-

42 2952 92 2996 nens
107 2954 238 3018 tanquam
257 2958 369 3004 certum
384 2957 413 3005 et
430 2949 671 3004 demonstratum.
707 2949 787 3023 Quid
800 2951 923 3017 mirum,
940 2951 965 3004 si
981 2950 1055 3004 nihil

40 3028 79 3082 nsi
86 3039 209 3094 monstra
221 3039 355 3111 disputes
372 3049 402 3094 et
413 3040 597 3096 concludas?
629 3035 855 3109 Ambiguitutem
873 3049 969 3094 autem
985 3058 1054 3094 coe.

41 3132 76 3172 ιιι
86 3125 121 3178 sic
135 3139 184 3183 sut
196 3129 285 3186 simili
297 3129 388 3184 modo
400 3130 556 3190 docuisses
569 3129 711 3209 dicendos
729 3129 805 3202 Quia
819 3129 964 3184 vocabula
980 3130 1052 3188 ista:
1141 3167 1147 3178 .

40 3223 129 3283 corpus
143 3236 249 3296 meum·
263 3229 319 3280 etc.
336 3221 384 3275 vel
401 3220 454 3278 ista
470 3220 583 3275 oratioe
595 3218 664 3272 'hoc
681 3225 727 3272 est
740 3219 867 3290 ,Corpus
881 3237 997 3289 menen,
1022 3221 1053 3274 in
1070 3281 1072 3288 ,

41 3296 170 3374 scripturis
187 3310 269 3364 varie
286 3309 463 3392 et'emlsigue
481 3309 637 3380 accipitur,
655 3309 721 3366 ideo
739 3309 850 3378 aliunde
869 3312 990 3380 petenda
1008 3321 1055 3368 est
1086 3305 1089 3312 ’

39 3403 95 3448 terta
109 3397 306 3467 intelligentia.
339 3399 406 3454 lloc
421 3399 512 3454 modo
530 3400 554 3454 si
572 3397 787 3468 processisses,
803 3400 984 3456 occurrisset
1001 3401 1053 3456 tibi

39 3483 134 3555 veritas,
151 3499 180 3543 et
197 3489 342 3546 dixisses:
359 3476 466 3560 parce,
484 3491 588 3552 frater,
604 3483 690 3544 locu‘s
703 3505 813 3544 coenae
825 3503 885 3544 ιιοιι
904 3501 949 3546 est
964 3491 1054 3550 ambi.

37 3583 104 3644 tuus,
127 3587 174 3632 aut
192 3579 369 3633 demonstra
386 3578 620 3646 ambiguitatem,
641 3579 708 3648 quia
723 3578 843 3634 verba
836 3591 905 3635 rste:
933 3579 991 3634 hoc
1008 3588 1054 3634 est

37 3674 126 3733 corpus
136 3685 257 3737 meum,
275 3670 405 3726 omnium
422 3667 584 3755 linguarum
601 3685 654 3723 usu
673 3677 742 3724 sunt
754 3670 845 3736 clara,
864 3679 894 3725 et
908 3685 1053 3742 nusquam

36 3745 209 3830 inscriptum
228 3760 311 3814 aliter
326 3769 448 3830 accepta
464 3733 524 3812 rult
531 3759 689 3826 intellecta,
707 3775 795 3831 quem
805 3770 842 3813 ut
858 3770 979 3827 sonant,
996 3760 1053 3814 nisi

37 3845 57 3891 lu
70 3849 240 3906 munatium
255 3848 436 3920 probaveris.
472 3849 572 3924 Quare
590 3849 642 3902 tibi
659 3865 718 3902 non
737 3857 835 3919 potest
853 3849 997 3916 concedi,
1019 3861 1053 3906 ut
1129 3873 1133 3881 ’
1303 3889 1304 3914 2

38 3942 59 3983 ta
71 3935 98 3990 ad
109 3947 194 4016 caput
205 3948 326 3998 sextum
338 3938 464 3996 «loannis
483 3937 710 4009 conferasjuxta
723 3938 852 4008 regulam
863 3937 1051 4011 praedictam.
1120 4019 1133 4038 x
1215 3961 1218 3968 ·
1303 3939 1304 3970 ³
