2754 4602
579 186 690 308 aaut(
977 273 982 284 -
1027 255 1043 274 ·
1106 236 1147 307 ta

78 419 82 427 ·
151 385 240 453 'Pace
257 393 333 453 nihil
347 395 503 470 0ptabilius
515 397 618 468 nobis,
634 408 667 454 ut
682 389 773 472 qdain
784 397 929 474 haetenus
947 404 977 454 et
988 395 1146 454 docuimus
1202 407 1204 410 '

93 495 127 543 et
143 489 347 555 servavimus,
372 477 517 560 quadturd
538 489 569 544 in
586 489 673 550 nobis
691 491 761 558 suit,
784 507 852 544 eum
870 489 1009 544 omnibus
1026 487 1146 556 solieiti,

93 588 173 636 teste
190 580 386 650 ipsorummet
396 581 598 650 ¹conscientia,
623 582 702 652 quod
719 581 796 636 hane
812 579 990 650 tragoediam
1007 593 1067 634 nou
1083 594 1147 633 mo.
1195 625 1198 634 .

89 671 194 724 vimus
219 671 336 742 primi,·
350 672 404 726 sed
426 673 522 726 coacti
542 672 765 744 respondimus.
800 672 891 728 Silere
906 689 980 728 vero
1002 679 1147 742 perpetuo

90 777 154 816 nun
174 769 219 814 est
236 760 400 829 integrum,
418 777 487 816 eum
505 761 559 834 ipsi
572 762 655 830 editis
671 762 778 817 libellis
794 761 985 830 (zuinglium
1002 769 1031 814 et
1048 761 1152 816 Oeco.

91 849 274 920 lampadium
297 852 385 922 puto)
412 852 526 907 animos
542 861 718 920 moverunt,
745 851 802 907 nisi
828 861 929 924 optent
951 865 1007 906 nos
1032 849 1148 905 averbi

43 999 47 1006 ,
90 939 269 1008 ministerio·
288 949 317 995 et
339 941 502 996 animarum
520 957 591 996 cura
612 931 789 1002 abstinere.‘'
807 941 996 1012 intolerabile
1020 951 1066 996 est
1092 941 1149 995 illis
1188 925 1193 934 ’

91 1031 287 1106 loquentibus
305 1041 420 1101 tacere,
439 1042 467 1086 et
478 1033 663 1088 turbantibus
678 1044 810 1112 nostram
828 1033 1003 1100 ecelesiam,
1020 1041 1049 1086 et
1065 1041 1151 1086 exte.

91 1121 255 1177 uuantibus
272 1131 407 1176 nostram
424 1124 609 1179 autoritatem
626 1124 742 1178 cedere.
776 1124 930 1192 Cogitent,
953 1123 979 1176 si
995 1113 1149 1177 suam'do.

97 1211 184 1271 cendi
198 1213 385 1266 autoritatem
400 1220 554 1281 metuunt,
579 1228 614 1268 ao
629 1215 732 1270 noluin
747 1213 856 1282 minui,
873 1230 930 1268 nec
946 1221 1079 1267 nostram
1096 1212 1151 1266 ini.
1226 1214 1230 1225 “

95 1302 245 1356 nuendum
263 1318 342 1358 esse.
805 1355 807 1358 .
1029 1361 1032 1366 .

163 1391 190 1444 Λ
209 1391 354 1446 conviciis
372 1390 519 1446 abstinere
535 1391 634 1448 visum
652 1403 714 1464 est,
732 1394 785 1450 sed
803 1393 955 1466 quomodo
973 1393 1149 1464 responderi

92 1488 196 1550 potest
215 1490 265 1534 aut
281 1481 461 1551 contradici,
480 1482 505 1536 si
522 1482 657 1536 damnare
674 1498 735 1536 non
754 1483 841 1550 licet,
867 1495 897 1537 et
914 1483 1066 1537 damnandi
1084 1499 1150 1536 rer.

92 1569 169 1624 bum
186 1587 244 1641 pro
263 1571 398 1624 convicio
416 1571 546 1642 rapitur?
570 1573 619 1627 An
638 1590 698 1626 non
723 1583 769 1628 est
794 1573 979 1641 convicium,
1001 1573 1090 1654 Aquod
1110 1571 1173 1638 illi¹

7 1711 8 1714 ,
92 1661 308 1716 modestissimi
325 1678 380 1716 nos
399 1663 588 1732 carnivorae,
612 1665 798 1720 esculentum
815 1665 932 1731 Deum,
951 1665 1151 1735 impanatum.
1192 1713 1194 1720 .

95 1769 154 1823 que
174 1751 293 1818 colere,
317 1761 380 1814 tum
396 1764 552 1822 negatores
569 1753 762 1810 redemtionis
789 1755 819 1808 in
836 1771 925 1809 cruce
943 1757 1038 1809 saetae
1065 1753 1150 1809 editis
1181 1765 1186 1776 ·

94 1841 204 1897 libellis
217 1841 395 1918 traducunt?
411 1843 609 1914 Ipsorumest
619 1845 775 1914 modestia,
790 1862 846 1900 nos
859 1844 1025 1916 immodesti
1041 1846 1151 1898 calum.

94 1932 228 1990 niamur:
252 1931 327 1985 haec
343 1942 439 1990 tamen
456 1931 601 1988 haetenus
620 1935 760 2002 tulimus,
785 1951 854 1988 cum
871 1934 926 2006 ipsi
944 1936 1022 1988 serre
1040 1951 1152 2004 neque.

96 2029 167 2088 ant,
185 2019 210 2074 si
229 2036 325 2074 errare
343 2020 476 2075 dicantur
492 2038 507 2074 a
525 2021 621 2078 nobis·
648 2027 695 2078 An
713 2039 837 2094 prorsus
855 2023 973 2094 probari
991 2023 1151 2090 voluut?¹)

96 2110 184 2181 plane
201 2127 263 2164 non
280 2110 410 2164 feremus
433 2111 509 2166 talia.
780 2117 783 2122 '
871 2113 875 2136 ⁸

166 2198 329 2253 Consilium
344 2198 415 2253 illud
427 2217 486 2254 non
499 2209 575 2270 stat,
594 2201 675 2273 quod
688 2201 789 2257 fideles
807 2202 949 2256 avocandi
963 2203 1021 2257 sint
1035 2218 1050 2256 a
1063 2218 1152 2273 quae.

104 2287 201 2342 stione
218 2290 353 2364 eorporis
380 2299 408 2344 et
425 2291 572 2362 sanguinis
591 2291 772 2361 praesentio,
799 2301 829 2346 et
850 2275 1026 2368 solo‘verbo
1052 2304 1079 2346 et
1095 2291 1153 2346 fide

103 2371 273 2434 enercendi.
304 2379 395 2452 'Apud
413 2396 468 2436 nos
480 2380 606 2435 verbum
624 2391 653 2434 et
665 2379 743 2466 fides·
754 2381 817 2434 sine
835 2395 883 2445 re,
901 2379 929 2432 in
942 2396 998 2450 qua
1010 2379 1153 2446 nituntur,

98 2483 161 2524 non
178 2477 262 2537 sunt,
286 2483 357 2524 cum
379 2469 440 2540 ipsa
457 2471 548 2525 verba
572 2471 722 2524 involvant
739 2469 913 2524 sententiam
933 2469 1036 2538 istam,
1062 2485 1097 2522 an
1115 2469 1155 2524 sit

97 2573 211 2628 corpus
225 2566 254 2612 et
263 2557 380 2628 sanguis
398 2557 458 2614 ilii?
475 2558 544 2614 Nec
555 2541 660 2629 vulgus
675 2559 791 2613 avocari
807 2557 847 2613 ibi
860 2568 975 2630 potest,
994 2565 1036 2612 tot
1047 2557 1154 2614 libellis

97 2664 155 2718 per
172 2647 240 2702 illos
253 2648 362 2720 sparsis
380 2647 410 2704 et
423 2643 552 2722 receptis
561 2669 571 2735 :¹
586 2649 719 2724 ipsorum
735 2649 830 2706 luerat
841 2649 938 2723 primo
950 2661 1047 2706 tacere
1056 2689 1067 2730 ²,
1083 2665 1155 2705 sero

98 2753 181 2791 nunc
198 2737 346 2791 silentium
363 2739 523 2809 quaeritur.
1156 2789 1159 2796 ,

164 2825 248 2901 Quid
271 2843 343 2882 vero
366 2838 518 2894 metuunt,
546 2829 576 2896 si·
592 2829 797 2900 experimento
821 2829 889 2883 fidei
913 2829 1006 2901 (quod
1026 2829 1155 2898 jactant)

9 2961 10 2968 ,
101 2918 175 2971 certi
193 2927 282 2986 simi,
306 2917 406 2973 sinon
431 2918 550 2986 fallunt,
577 2907 675 2991 neque
693 2920 844 2974 falluntur.
877 2919 945 2973 Nos
963 2918 1013 2990 qui
1032 2933 1155 2984 sumus¹

100 3008 151 3079 qui
176 3007 233 3062 illis
260 3007 452 3063 resistamus?
488 3008 551 3083 Qui
576 3000 646 3064 sunt'
659 3009 732 3064 adeo
759 3008 833 3064 certi
860 3008 895 3062 de
916 3007 970 3061 fide
989 3006 1154 3078 ejusmodi,

99 3107 242 3174 tenentur
261 3097 379 3170 prodire
405 3109 436 3154 et
458 3087 679 3155 nos‘damnare
705 3084 847 3167 erroris,'
859 3109 892 3152 ut
909 3095 1098 3152 conscientiis
1125 3107 1155 3150 et

101 3189 254 3244 animabus
276 3207 331 3259 per
354 3206 410 3246 nos
428 3178 561 3246 seductis
582 3191 757 3262 eonsulant,
782 3189 896 3268 scilieet
919 3205 958 3242 ex
981 3187 1077 3243 officio
1102 3189 1155 3245 oba

100 3279 209 3334 stricti.
246 3277 320 3334 Cum
333 3297 406 3335 vero
421 3277 511 3344 ethio
521 3277 667 3352 trepident
684 3292 712 3333 et
724 3279 800 3332 aliud
812 3290 969 3350 quaerant,
987 3295 1156 3347 monemus„

98 3379 131 3422 ut
144 3370 208 3440 jam
228 3369 316 3423 altera
328 3369 492 3426 monitione
506 3370 626 3442 spiritus
637 3379 785 3435 metuant,
804 3379 832 3422 et
844 3369 962 3423 videant
974 3369 1043 3438 quid
1061 3377 1154 3436 agant.

101 3459 163 3533 Qui
191 3459 271 3512 enim
297 3453 504 3530 experimento
531 3459 597 3513 fidei
621 3458 692 3512 certi
718 3468 803 3525 sunt,
829 3475 889 3511 non
916 3458 970 3512 ista
994 3467 1154 3528 quaerunt,

99 3565 200 3624 neque
219 3547 391 3602 consulunt.
425 3546 548 3620 Spiritus
567 3547 646 3601 enim
664 3563 723 3600 nou
742 3547 787 3600 sic
806 3547 930 3617 trepidat
952 3557 999 3600 aut
1017 3547 1156 3615 disputat.
1199 3611 1202 3616 1
1235 3599 1237 3610 ,

164 3637 285 3692 Deinde
302 3655 364 3691 non
382 3637 511 3718 diluimus
537 3653 683 3708 unquam,
700 3650 844 3690 ¹neutram
862 3653 924 3691 tem
949 3643 1017 3690 esse
1036 3633 1154 3688 ea'mern

11 3721 13 3734 '
101 3735 130 3782 ei
146 3727 321 3794 sanguinem
339 3725 469 3794 Christi,
495 3735 619 3780 autnon
649 3726 753 3779 afferre
781 3725 925 3790 salutern,
949 3725 1001 3778 sed
1029 3723 1154 3778 diximus

100 3816 229 3870 verbum
242 3802 491 3888 praedicandum,
510 3827 538 3868 et
550 3815 648 3878 eibum
666 3829 733 3870 esse
746 3822 849 3873 verum
868 3815 989 3891 animae.
1022 3811 1078 3868 Hie
1096 3803 1154 3869 terss

101 3901 629 3926 -ῌ--ι--ι--ι--υ--ι-α-ὑ*

148 3947 176 4000 tl
190 3943 286 3996 Auril.
305 3929 413 3992 uolunt(-
