2650 4586
255 257 315 320 aaa
615 245 623 260 “
687 325 690 336 ,
729 253 817 326 152³.

254 411 390 480 perfida,
407 425 495 484 qiam
512 429 572 468 nou
589 414 738 482 ignorabat
750 433 804 486 per
815 407 996 484 disdiapason
1008 410 1045 468 ab
1056 413 1103 468 illa
1115 413 1198 484 impia
1210 419 1275 465 secta

253 503 418 555 dissentire.
452 504 499 555 Sic
514 521 609 574 nuper
626 517 655 558 et
672 505 743 558 milii
760 505 877 576 quidam
894 505 1011 558 insanus
1026 503 1194 572 Leopoldus
1211 502 1275 566 iecit,

253 593 331 646 edito
341 591 439 646 libello
447 594 637 661 contendens,
646 594 817 662 Erasmum,
826 594 1003 652 Lutherum.
1017 591 1276 654 Melanchthoneat,

253 680 453 736 Porrterauum
477 693 506 736 et
530 693 622 738 totam
643 684 866 752 Witenbergam
888 700 956 738 cum
980 683 1181 738 illissentire.
1212 681 1277 755 Quill

251 767 302 826 fiet
320 770 406 824 uobis
424 773 567 839 mortuis,
586 789 654 826 cum
667 775 730 826 talia
743 775 910 841 contingant
922 771 1107 836 viventibus?
1141 772 1216 846 Quis
1228 773 1277 840 jun

250 875 313 912 nou
329 870 486 930 suspectos
504 861 610 916 habeat
624 863 754 917 omnium
766 862 887 916 Parrum
900 861 1013 916 libros?
1031 862 1143 914 scilicet
1156 857 1277 914 haeretiei

251 946 291 1003 illi
316 947 383 1004 esse
406 968 467 1004 uon
492 961 616 1022 possunt
640 954 702 1006 siue
727 951 835 1007 nobis?
867 949 935 1006 Nec
958 961 1116 1006 moventur
1137 950 1278 1022 quicquam

250 1040 299 1100 (ut
311 1039 347 1092 de
360 1055 407 1092 rae
425 1040 548 1106 dicam),
564 1041 645 1112 quod
662 1049 728 1094 ante
746 1053 805 1094 tres
822 1056 912 1094 anuos
924 1039 999 1093 libro
1011 1041 1171 1094 vemacrilo
1184 1040 1217 1092 ad
1227 1038 1278 1092 llal.

251 1130 358 1182 denses
383 1131 420 1184 de
445 1130 614 1184 adoratione
632 1130 810 1184 Sacrameuti
830 1130 904 1184 inter
921 1122 993 1184 alios
1011 1145 1165 1184 sermones
1184 1131 1217 1183 de
1232 1128 1280 1183 Eu.

249 1219 389 1274 charistia
406 1221 500 1274 editos
518 1220 631 1282 abunde
647 1230 772 1276 testatus
790 1221 861 1286 sim,
885 1237 944 1274 non
963 1219 1052 1276 modo
1069 1218 1138 1290 quid
1155 1219 1280 1282 sentim,

250 1307 302 1361 sed
321 1319 348 1362 et
365 1309 448 1378 ipsos
466 1309 681 1377 Significatistas
699 1307 930 1376 c'onfuteverim,
949 1319 1103 1380 antequam
1121 1308 1200 1362 ullus
1217 1307 1280 1375 cogi.

249 1409 327 1454 reret
343 1415 396 1452 eos
413 1399 528 1454 futuros
546 1415 628 1466 esse,
655 1400 741 1468 idque
759 1399 937 1468 argumentis
955 1398 1053 1452 adhue
1071 1398 1197 1454 invictis.
1228 1398 1279 1450 De.

241 1486 318 1542 finde
336 1490 483 1542 acerrimo
502 1489 600 1562 libello
618 1490 705 1562 (ipsis
723 1490 810 1543 etiam
827 1487 968 1552 testibus)
985 1489 1126 1542 adversus
1146 1487 1280 1542 Carolsta.

250 1577 332 1630 dium
356 1592 434 1630 aurio
456 1579 594 1648 proximo
603 1574 666 1632 ‘tori
688 1579 754 1632 orbi
779 1587 881 1632 notum
908 1577 966 1630 feci
992 1593 1114 1632 sensum
1135 1589 1169 1631 ct
1191 1577 1280 1644 dogma

248 1681 367 1733 aueum,
396 1668 521 1721 necdum
540 1667 625 1726 video
644 1669 734 1720 ullum
752 1668 887 1738 prodire,
914 1667 1047 1737 quicum
1067 1666 1177 1719 librum
1194 1665 1282 1720 conlu-

248 1768 310 1808 tare
323 1755 429 1826 possit,
447 1773 514 1808 cum
532 1757 640 1827 alioqui
657 1766 717 1810 tam
734 1758 793 1812 siut
809 1757 937 1822 verbosi,
955 1767 984 1809 ut
1001 1756 1094 1810 libros
1113 1755 1216 1827 pluere
1226 1765 1282 1826 pos

249 1848 318 1902 sint.
352 1848 460 1901 Adhuc
478 1849 618 1912 clamant,
638 1865 693 1902 cur
710 1845 862 1904 Lutherus
881 1855 980 1903 tacet?
1004 1865 1060 1902 cur
1076 1827 1161 1902 suam
1181 1855 1283 1902 senteu-

248 1937 319 1990 tiam
344 1953 403 1990 non
425 1937 541 2008 prodit?
574 1937 680 2006 Finge,
705 1955 833 2009 quaeso,
858 1956 907 1992 me
927 1939 1007 1992 mille
1031 1937 1125 1992 libros
1147 1938 1283 2001 scribere,
1315 1987 1316 1990 ,

249 2027 319 2098 quid
340 2043 519 2097 promovero
537 2027 614 2082 iuter
630 2029 705 2084 istos
724 2031 830 2086 surdos
849 2039 878 2084 et
900 2030 1049 2094 furiosos,
1074 2029 1124 2100 qui
1148 2029 1221 2082 nibil
1245 2042 1284 2078 au.
1315 2017 1316 2060 ἶ

249 2117 330 2170 diunt
346 2135 402 2172 nec
420 2109 542 2172 vident?
575 2119 763 2190 Syagramma
780 2121 945 2174 Suevorum
960 2131 1004 2174 est
1016 2120 1043 2174 in
1056 2119 1199 2190 publico,
1217 2116 1283 2189 quod

249 2223 266 2261 a
289 2223 336 2262 me
361 2208 469 2262 laudari
492 2208 548 2263 illis
574 2209 673 2275 dolet,
699 2208 846 2280 siquidem
872 2219 902 2262 et
925 2209 952 2262 in
977 2209 1063 2280 ipso,
1086 2211 1170 2278 quod
1193 2208 1283 2274 laudo,

247 2314 344 2353 meam
363 2289 538 2354 senteutiam
556 2300 714 2368 confiteor,
731 2316 787 2353 nec
805 2299 867 2352 hoc
884 2299 1018 2354 audiunt.'
1040 2293 1186 2370 cupiebat
1197 2299 1284 2354 Oeco-

248 2387 408 2460 lampadius
427 2381 522 2459 ipsum
540 2391 714 2456 confutare,
738 2389 791 2444 sed
813 2405 874 2443 nou
898 2398 945 2442 est
967 2377 1020 2442 alie
1039 2388 1221 2455 cogitatione
1235 2387 1283 2440 hoc

249 2495 405 2547 aggressus
424 2493 519 2548 opus,
543 2495 649 2552 quam:
673 2480 742 2534 satis
763 2489 808 2534 est
829 2488 932 2532 contra
953 2475 1101 2545 scribere,
1127 2487 1284 2546 argumenta
1314 2535 1315 2548 ἵ

248 2570 359 2623 diluere
382 2585 442 2622 aun
467 2584 542 2635 opus
564 2573 758 2640 esrz‘vulgus
776 2570 902 2640 denique
926 2570 1010 2624 uoltis
1032 2569 1147 2638 credet,
1175 2580 1284 2624 couten-
1314 2555 1315 2564 ¹

245 2667 327 2724 tum,
345 2659 425 2727 quod
444 2655 565 2710 audierit
584 2651 691 2710 librum
708 2675 774 2714 esse
787 2669 889 2713 contra
900 2658 968 2712 illud
981 2659 1099 2713 editum.
1136 2659 1206 2714 Nisi
1218 2660 1285 2713 forte

155 2811 157 2818 χ
247 2745 308 2800 boc
327 2755 370 2798 est
384 2757 549 2812 argiuueuta
561 2746 690 2816 diluere,
706 2750 787 2818 quod
799 2747 932 2802 Bucerus
945 2750 1002 2803 hac
1014 2749 1200 2820 praefatione
1209 2749 1284 2803 dicit:

247 2835 394 2890 Mirabilia
412 2836 522 2889 (luisti
541 2836 658 2891 fuerunt
675 2838 757 2906 tedia,
776 2850 809 2891 ut
825 2855 895 2892 curn
913 2840 1039 2894 diceret:
1062 2839 1129 2893 Hoc
1145 2851 1193 2894 est
1210 2839 1286 2903 illud,

246 2942 320 2980 auox
338 2927 477 2982 sensibile
495 2942 616 3000 quoque
633 2927 737 2984 suerit:
763 2929 829 2984 ideo
853 2941 883 2984 et
899 2928 1009 2984 Christi
1027 2945 1139 3000 corpus
1155 2939 1287 3002 oportere

217 3089 219 3096 Α
246 3029 315 3073 esse
333 3018 447 3081 visibile
464 3019 493 3071 in
510 3014 719 3082 sacramento,
736 3028 784 3072 aut
801 3035 861 3074 nou
877 3031 922 3073 est
938 3019 968 3073 iu
979 3020 1180 3076 Sacramento.
1210 3019 1289 3075 Vide.
1313 3025 1314 3050 l

215 3143 221 3152 -
245 3108 317 3163 licet
334 3109 392 3164 istis
411 3109 542 3165 ludibriis
560 3108 715 3162 firmandae
733 3119 801 3164 sunt
818 3110 1019 3166 conscientiae
1030 3119 1150 3186 qostrae
1162 3111 1192 3166 iu
1207 3111 1288 3166 rebus

245 3196 322 3265 Dei,
341 3197 530 3269 super-verba
543 3199 702 3257 clarissima
715 3199 897 3270 Scripturas:
910 3263 911 3270 ἵ
922 3195 987 3252 Hoc
1001 3209 1046 3252 est
1058 3201 1170 3271 oo‘rpus
1184 3215 1288 3254 meum.

247 3286 282 3339 lu
300 3287 391 3340 triviis
411 3288 542 3341 ridentur
558 3289 659 3358 pueri,
677 3291 729 3359 qui
744 3288 787 3342 sic
805 3287 1037 3343 dialecticantur:
1055 3289 1176 3374 aliquod
1190 3290 1289 3345 animal

143 3417 154 3424 .
247 3376 357 3448 currit,
382 3393 452 3442 ergo
471 3394 558 3432 omne
577 3379 681 3432 animal
699 3379 806 3443 currit,
827 3389 968 3432 ettamen
987 3377 1037 3430 hic
1055 3367 1288 3447 gloriosissimus

245 3463 365 3535 spiritus
383 3467 543 3538 triumphat
559 3482 682 3534 secure,
708 3467 777 3520 du'm
804 3468 848 3521 sic
874 3467 1014 3545 disputat
1040 3467 1136 3538 aliqua
1151 3469 1292 3524 miracula

245 3554 357 3610 Christi
375 3566 442 3609 sunt
458 3543 598 3640 visibilia,
624 3571 694 3624 ergo
712 3571 839 3610 necesse
857 3568 919 3623 est,
944 3557 1041 3610 omnia
1064 3572 1131 3612 esse
1155 3559 1290 3614 visibilia.

144 3673 157 3694 e
243 3646 285 3700 Ita
300 3644 451 3700 Christum
467 3633 571 3700 sedere
589 3637 623 3698 ad
640 3647 772 3699 dextram
789 3643 899 3713 Patris,
917 3661 1047 3715 regnare,
1064 3647 1178 3715 vivere,
1199 3667 1291 3720 agere,

244 3748 289 3788 est
307 3735 426 3800 falsum,
445 3736 510 3806 quia
522 3743 574 3788 est
591 3733 764 3792 miraculum
781 3734 937 3789 invisibile
965 3735 1018 3790 His
1030 3735 1181 3824 spiritibus
1195 3741 1293 3794 eredat

103 3804 108 3819 ¹
139 3839 142 3846 ·
189 3877 196 3883 ,
243 3824 526 3890 doceriveritate1u‚
544 3822 568 3875 si
586 3823 788 3897 quemperire
806 3822 948 3894 delectat,
966 3841 1036 3878 cum
1052 3840 1112 3878 non
1128 3825 1188 3882 nisi
1208 3830 1293 3883 maui-

244 3914 328 3969 festis
340 3913 524 3992 mendaciis
528 3921 633 3966 ortum
639 3914 744 3983 dogma
756 3914 941 3984 susceperint
947 3951 958 3982 ‚
971 3915 1133 3972 mendaciis
1145 3931 1292 3987 asserant,
