2650 4586
1018 209 1027 238 i

257 239 316 308 172
499 279 505 292 ‚
653 319 655 326 y
730 242 831 311 1527.
911 335 912 340 Ν

256 399 334 454 simo
351 401 502 474 epistolam
519 410 638 473 quoque
654 401 690 455 ad
706 417 754 455 me
771 400 867 468 misit,
891 417 978 455 manu
1002 372 1056 455 sua
1073 401 1218 470 scriptam,
1236 397 1267 452 di.

256 505 342 558 gnam
353 491 468 544 scilicet
479 489 529 544 illo
541 491 754 561 superbissimo
765 491 880 560 spiritu.
914 491 955 544 Ita
968 491 1181 546 modestissime
1191 489 1267 554 fuerit,

167 603 191 645 ρ
255 580 367 645 saevit,
394 579 519 634 minatur
545 596 579 634 uc
606 579 720 648 fremit,
748 589 781 632 ut
805 579 882 650 mihi
904 579 1033 634 videatur
1059 578 1268 650 irrecuperabilis

174 669 179 687 “
255 669 342 722 etiam
365 667 518 722 manifesta
539 670 660 724 veritate
685 669 850 724 convictus.
883 668 1017 724 Libellus
1040 685 1125 724 meus
1149 669 1268 724 verbosus

253 757 437 811 mutis-sano
449 759 568 830 profuit.
594 759 760 829 Prophetas
772 759 927 812 vernacula
939 760 1063 814 donatos
1075 755 1268 823 Wormntiae*)

253 862 315 900 non
332 857 508 916 contemno,
535 849 590 903 nisi
608 850 688 920 quod
706 848 930 905 Germanismus
947 849 1109 903 obscurior
1131 859 1191 915 est,
1213 850 1268 902 lone

253 947 356 992 natura
374 938 450 992 illius
468 937 607 1008 regionis.
641 937 785 992 Fecerunt
800 937 991 1006 diligentiam,
1009 939 1074 1010 quis
1088 948 1183 992 autem
1194 936 1269 991 omnia

254 1025 389 1096 attingat?
422 1026 487 1097 Ego
504 1039 599 1081 tumen
618 1027 681 1096 Jam
699 1026 855 1096 accingor,
879 1037 907 1080 et
923 1027 1005 1098 ipsos
1021 1016 1179 1089 vernacula
1194 1036 1269 1080 extru.

254 1118 340 1186 dere5
358 1119 489 1172 lecturus
506 1115 591 1172 simul
607 1118 754 1184 desdam,
772 1135 809 1170 ne
824 1117 936 1170 otiosus
953 1118 1019 1171 sim.
1053 1118 1104 1172 Tu
1119 1136 1173 1188 pro
1184 1135 1225 1170 me
1233 1131 1269 1170 ura

253 1206 418 1265 Dominum
436 1217 464 1261 et
479 1225 533 1278 pro
549 1206 686 1261 Ecclesia
703 1208 777 1276 ejus.
811 1207 945 1260 Christus
963 1207 1047 1260 faciat
1063 1223 1112 1260 me
1130 1209 1223 1262 audire
1235 1223 1270 1260 na.

253 1307 315 1356 tam
332 1298 381 1351 tibi
399 1309 428 1352 et
444 1299 554 1351 salvam
571 1283 705 1368 prolem}
723 1299 829 1350 Anien.
862 1295 934 1350 Mea
946 1295 1041 1350 Ketha
1058 1313 1160 1352 rursus
1177 1304 1270 1352 nauseat

255 1403 289 1440 ac
306 1387 399 1440 vomit
417 1403 470 1458 spe
487 1386 608 1440 secundi
626 1387 731 1440 foetus.
766 1383 957 1455 Spenglerum
969 1387 1059 1440 saluta
1077 1397 1104 1440 er
1115 1388 1266 1456 gratiasage,

254 1495 323 1534 nam
340 1477 438 1531 omnia
455 1493 530 1546 quae
547 1477 650 1530 misisti
669 1480 779 1530 semina
803 1477 952 1542 oriuntur,
975 1484 1086 1529 tantum
1107 1477 1229 1530 melones
1247 1485 1269 1526 et

256 1555 426 1620 cucurbitis
444 1563 596 1631 differunt,
620 1580 786 1637 quanquam
802 1565 830 1620 iu
850 1563 911 1618 aliis
929 1563 1025 1620 hortis
1043 1567 1128 1620 etiam
1146 1566 1269 1636 prodeant

255 1657 337 1710 Vale.
370 1654 568 1710 Muxxvlt.

935 1741 1086 1799 Martinus
1103 1744 1246 1800 Lutherus.

287 2077 345 2146 sn
363 2077 451 2146 man.
964 2077 1017 2134 No.
1033 2079 1247 2155 ncccnxm.
1266 2120 1272 2132 .

500 2290 505 2300 .
577 2204 626 2303 ui
662 2229 767 2306 nin.
803 2211 974 2307 oneret.

280 2392 350 2439 uitet·
367 2393 412 2442 Μ
431 2390 607 2444 euristeum
625 2391 659 2437 lte
677 2389 866 2442 curtamaltru
888 2389 933 2435 unt
946 2387 1075 2444 sstttnntvt
1092 2375 1200 2446 Ex'egem
1216 2386 1255 2438 unt

411 2465 554 2517 turturum.
568 2461 587 2510 t:
601 2471 650 2512 nur.
663 2465 767 2518 mttere).
793 2464 838 2511 utto
851 2471 900 2534 rupi
913 2463 965 2508 oter
978 2463 1067 2510 tumult
1080 2465 1139 2514 etr

582 2538 613 2586 Θ,
627 2538 732 2585 tturnrrt.
747 2547 771 2589 ru
785 2536 830 2582 Nc.
839 2535 966 2581 Dccch.

325 2815 336 2838 ὃ
401 2771 726 2823 nomannorum.
751 2743 1149 2850 neutrnnnncnrnxir.1ou.

863 2869 866 2895 l

256 2907 368 3008 Gratia
386 2961 415 3008 et
432 2969 499 3023 pax.
533 2949 607 3006 Misi
625 2953 659 3005 ad
671 2943 705 3008 ''te
723 2953 959 3021 nudiustertius,
975 2955 1016 3008 rui
1028 2953 1177 3022 Michael,
1192 2952 1271 3007 literas

253 3059 310 3098 una
329 3059 398 3117 cum
414 3045 513 3098 libello
529 3043 821 3112 Antischwermerio,
839 3061 926 3114 quern
944 3061 1033 3116 spero
1051 3055 1079 3098 et
1095 3044 1235 3116 accepisse
1249 3051 1270 3090 te

255 3141 285 3186 et
302 3133 397 3202 ipsum
414 3133 570 3204 placuisse.
604 3131 682 3186 Nam
699 3133 783 3186 multi
800 3143 867 3186 sunt
884 3150 920 3184 eo
935 3133 1033 3186 libello
1046 3133 1105 3187 Dei
1119 3133 1202 3202 gratia
1217 3145 1272 3182 con-

194 3216 197 3222 ’
223 3240 225 3253 ¹
253 3221 357 3275 firmati
375 3223 403 3275 in
420 3239 488 3276 sana
506 3223 577 3278 lide:
601 3237 703 3278 rursus
728 3232 854 3294 expecto
878 3221 991 3276 illorum
1010 3223 1152 3277 furiosani
1169 3235 1270 3292 respon-

254 3313 387 3377 sionem,
405 3314 511 3382 quibus
530 3329 703 3380 occurram,
722 3315 838 3389 quando
854 3314 992 3367 Christus
1012 3315 1122 3368 dederit
1140 3332 1173 3368 ac
1188 3312 1280 3368 volun·

254 3401 309 3467 rit,
333 3400 439 3454 virtute
463 3411 492 3454 et
509 3403 655 3470 sapientia.
688 3401 765 3456 Nam
782 3401 943 3470 Z'winglius
962 3404 995 3456 ad
1013 3405 1194 3475 ine-scripsit
1209 3402 1271 3456 Exe-

255 3489 337 3559 gesin
356 3491 498 3558 quandam
515 3490 624 3558 adjecta
643 3477 764 3560 epistola
786 3507 888 3545 manus
913 3507 981 3546 suae
1004 3493 1089 3562 plena
1112 3491 1238 3564 superbia
1252 3495 1272 3539 et

254 3573 428 3636 temeritate.
461 3577 543 3634 Nihil
561 3589 606 3634 est
622 3581 767 3648 scelerum
784 3589 830 3635 aut
846 3581 1040 3650 crudelitatis,
1066 3583 1150 3654 cujus
1166 3601 1220 3637 non
1235 3593 1270 3630 me

232 3710 238 3717 .
254 3687 340 3726 reum
359 3679 439 3740 agat,
464 3671 536 3724 adeo
553 3680 584 3723 ut
599 3687 656 3724 nec
672 3669 806 3744 Papistue
823 3687 870 3725 me
888 3671 932 3727 sic
948 3673 1079 3746 lacerent
1093 3673 1194 3730 hostes
1210 3668 1270 3732 meis

268 3943 277 3952 ·
303 3922 326 3970 a)
340 3901 396 3975 lunt
409 3921 451 3987 ttu
463 3927 512 3968 tur.
524 3891 578 3980 uir.
594 3905 597 3914 ’
