2692 4584
181 305 184 316 ·
211 359 217 380 ,
243 293 307 366 tat
337 379 340 390 ¹
724 301 815 370 1⁵29.

149 435 154 448 ¹
309 457 356 513 M.
373 456 548 514 Eberhardo
572 456 653 527 leges
674 473 768 514 uuum
792 457 900 528 maele
924 465 954 512 et
976 445 1092 530 bonurn
1114 457 1275 527 capitulum,

243 547 313 620 quia
336 547 429 616 arguit
451 561 517 612 me,
545 548 626 618 quotl
651 547 709 601 tuis
734 547 957 620 quaestionibus
982 559 1032 602 aut
1057 547 1152 612 literis
1169 565 1227 601 nou
1242 564 1280 599 re.

244 635 360 709 spondi.
392 635 475 690 Idem
492 635 583 691 facies
609 636 660 690 tilii
685 637 754 709 ipsi,
779 637 815 690 ai
829 651 868 692 ex
893 648 922 690 te
939 635 1029 708 habet
1045 637 1108 690 hoc
1126 645 1281 691 monstrum

242 726 398 798 querelae,
422 742 490 779 natu
513 743 569 798 per
592 725 720 781 Ketham
743 738 824 780 tuam
847 741 903 780 vos
928 726 1016 779 ambo
1040 727 1090 780 vel
1116 726 1217 780 luditis
1241 725 1282 778 vel

239 815 305 870 salsi
330 816 399 870 estis
416 815 577 886 conjugum
592 824 757 870 vestrarum
775 816 837 870 aive
862 831 963 868 amore
988 815 1052 868 sive
1076 815 1220 885 imperio:
1244 822 1283 869 sat

238 905 382 962 vivaciter
397 906 516 960 utemini
534 921 581 960 rue
599 905 650 958 tibi
667 921 786 976 semper
802 904 1009 976 respondisse,
1034 905 1123 958 etiam
1139 903 1282 978 usquead

192 1002 197 1012 “
240 997 359 1068 copiam
384 995 549 1050 molestam.
579 987 662 1048 'Vale
693 1004 723 1048 et
747 1009 799 1048 ora
823 1010 879 1066 pro
904 1011 954 1048 me
984 995 1099 1048 misero
1125 1006 1281 1066 peccatore.

240 1085 325 1142 Ferit
340 1089 367 1141 3.
385 1083 558 1204 Ριεώεῐὶεἷ
576 1081 761 1140 Mnxxtx.
777 1083 809 1144 ²)
832 1140 835 1148 ,
901 1147 932 1204 T
960 1147 1111 1204 Martinus
1129 1149 1247 1204 Μῶα

269 1485 313 1542 ai.
335 1481 438 1556 unt.
988 1479 1048 1572 uo.
1065 1479 1257 1538 mcxxxv.

550 1617 598 1686 tta
627 1601 708 1687 ttt't.
737 1615 973 1714 statutae.
1050 1655 1052 1659 ,

341 1758 365 1808 s.
378 1755 495 1810 «κινῆται
507 1757 600 1805 trualt
612 1757 723 1812 pertiae
735 1758 790 1808 tata
802 1753 907 1814 statera
919 1711 1042 1810 ameno
1055 1757 1187 1827 sectatus

235 1957 286 2006 ttal
303 1959 342 2004 att
359 1957 506 2013 &tumtum
524 1957 563 2006 tet
580 1959 660 2012 eata·
678 1958 880 2013 &nantarius
898 1967 924 2010 tu
937 1959 1000 2011 itera
1019 1959 1059 2009 teu
1077 1956 1189 2014 &otte
1208 1956 1237 2002 tt.
1255 1959 1285 2004 99.

308 2033 365 2082 aste
377 2031 515 2087 acerruma
528 2033 579 2081 etat
591 2033 704 2088 tttttttttt
715 2035 749 2081 im
767 2031 824 2079 cod.
839 2031 914 2078 chart
926 2033 973 2081 397.
986 2028 1046 2078 lili.
1061 2029 1135 2116 Goth,
1149 2031 1166 2076 t.
1179 2033 1214 2078 33.

235 2152 293 2253 En
317 2199 401 2255 adest
422 2200 525 2257 socius
546 2209 614 2256 tuae
631 2218 719 2257 curae
742 2211 772 2257 et
790 2201 936 2274 particeps
959 2200 1113 2268 laborum,
1137 2199 1204 2252 Dn'.
1220 2197 1284 2253 Lic.

235 2290 401 2358 Corlatus,
426 2289 518 2348 fidelis
543 2299 572 2346 et
595 2291 693 2346 bonus
715 2291 762 2346 vir
785 2291 898 2362 absque
916 2290 1027 2364 ⁸dubio:
1053 2297 1084 2342 et
1108 2303 1200 2359 spero
1225 2303 1283 2342 uon

233 2381 325 2434 modo
350 2379 526 2451 placiturum
551 2381 622 2447 tibi,
650 2380 703 2436 sed
728 2381 916 2452 profuturum
939 2379 1034 2450 plebi,
1060 2377 1176 2434 etiamsi
1202 2377 1286 2432 ferox

235 2469 312 2523 istud
329 2471 433 2538 vulgus
456 2472 532 2524 forte
555 2486 569 2523 a
593 2469 738 2540 principio
754 2482 860 2540 partun
881 2467 1036 2539 probabit,
1061 2468 1169 2521 sentiet
1190 2473 1288 2520 tamen

236 2567 355 2630 postea,
382 2560 476 2627 qualis
500 2559 547 2612 vir
571 2560 620 2615 sit.
659 2559 815 2614 Caeterum
841 2558 1016 2612 consoletur
1039 2566 1069 2611 te
1095 2556 1236 2610 Christus
1258 2554 1287 2608 in

135 2677 140 2684 ·
236 2646 317 2700 omni
332 2647 499 2702 tentatione.
525 2647 613 2704 'Nam
625 2659 655 2704 tu
667 2649 737 2702 dure
747 2664 779 2702 es
794 2647 910 2718 populi,
929 2663 1018 2718 quem
1035 2645 1161 2702 oderunt
1180 2661 1286 2700 omues

235 2743 338 2806 portae
357 2734 535 2792 inferorum:
559 2739 629 2810 quid
645 2739 754 2792 mirum
765 2779 774 2806 ,
798 2738 823 2793 si
841 2738 935 2808 aliqua
954 2746 1034 2806 purte
1051 2737 1125 2790 tauti
1149 2737 1211 2790 odii
1228 2748 1288 2789 tan.

234 2825 332 2894 garis?
364 2823 430 2880 Imo
451 2827 560 2880 mirum
577 2837 607 2880 et
622 2843 759 2897 magnum
777 2827 966 2894 miraculum,
993 2826 1076 2896 quod
1101 2841 1218 2892 eosnon
1238 2825 1288 2880 ab.

234 2915 393 2969 sorbemur
408 2929 464 2970 neo
479 2915 621 2970 tradimur
637 2916 667 2970 in
685 2915 851 2986 ¹captionem
862 2917 891 2982 ²)
914 2915 1219 2985 dentibusipsontm,
1234 2932 1288 2969 no-

233 3014 293 3059 stra
310 3004 386 3058 haec
397 3006 525 3075 parvitas
535 3045 544 3072 ,
560 3006 706 3076 paucitas,
722 3004 890 3074 iufirmitas,
908 3016 940 3058 ut
957 3008 1040 3075 plane
1058 3005 1130 3060 satis
1148 3005 1288 3074 magnalia

234 3094 297 3150 Dei
322 3095 349 3148 ln
367 3093 453 3150 uobis
473 3106 632 3166 appareant
655 3095 706 3162 iis,
732 3093 782 3164 qui
800 3095 906 3148 oculos
924 3092 1035 3148 habent
1055 3095 1092 3150 ad
1109 3094 1287 3162 videndum,

234 3185 316 3255 quod
333 3194 378 3238 tot
393 3183 541 3257 tantisque
557 3183 693 3240 hostibus
711 3175 875 3238 furentibus
899 3185 973 3242 tales
997 3184 1129 3254 tantique
1148 3201 1286 3254 perseve-

233 3289 350 3342 remus,
369 3273 619 3345 quantulicunque
636 3275 739 3328 simus.
774 3273 858 3330 Foris
875 3271 996 3341 hostes,
1013 3274 1092 3328 intus
1105 3275 1193 3328 Satan
1211 3275 1288 3330 inter

232 3363 309 3419 filios
331 3363 391 3416 Dei
417 3379 472 3416 nos
495 3373 593 3418 vexat.
635 3363 691 3418 Sed
705 3362 769 3432 ·qui
786 3367 890 3430 regnat
912 3362 1049 3418 Christus
1071 3362 1233 3432 triumphat
1253 3363 1285 3416 in

230 3452 317 3507 nobis
336 3469 458 3523 quoque
483 3452 604 3506 inlirmis
622 3453 722 3520 sane,
736 3461 765 3504 et
780 3451 969 3522 perturbatur
985 3452 1050 3522 ipse
1068 3465 1175 3522 potens
1192 3463 1286 3508 etse.

230 3551 323 3596 curus
333 3581 342 3610 ‚
358 3542 410 3612 qui
428 3549 457 3596 et
473 3541 691 3596 consummabit
708 3557 763 3596 nos
783 3540 938 3606 tribulatos
955 3542 1074 3595 tandem
1101 3543 1128 3596 in
1146 3525 1280 3608 diesuo,

174 3653 179 3670 ¹
229 3633 337 3688 Amen.
372 3631 480 3686 Omnia
499 3616 634 3685 'narrabit
652 3629 787 3702 Christus
813 3629 841 3682 iu
868 3640 897 3683 et
913 3645 968 3700 per
992 3645 1027 3684 os
1046 3631 1165 3685 Cordati
1188 3631 1280 3686 latius.

228 3721 301 3778 Vale
315 3733 348 3778 et
365 3737 417 3775 ora
434 3739 490 3793 pro
507 3729 565 3776 me.
599 3721 748 3776 Postridie
759 3717 836 3774 laria
853 3723 878 3772 3.
896 3718 1024 3786 Pusam,
1043 3720 1228 3782 MDtixlx.

952 3817 990 3876 Τ.
1009 3817 1101 3873 Mart.
1119 3820 1245 3874 Luther.

554 3927 753 3944 *nn—na·-

227 3991 229 3999 “
272 3985 296 4037 l>
312 3983 410 4037 Auxit.
425 3985 569 4033 tthxvtt.
617 3989 641 4042 2)
660 3987 721 4038 &ta
732 3986 909 4058 captivitatem.

450 4112 461 4160 l
