2650 4586
448 367 461 382 .
501 305 593 378 1527.
728 329 732 336 ·
1006 303 1104 380 aar
1142 247 1201 411 ‘X
1263 399 1270 415 Ι

84 460 307 526 asmata.
325 462 355 533 *a
535 463 540 472 ·
689 449 1035 524 mcccccxmlru.

175 703 179 716 .
347 613 744 710 angaiasssoaas.

115 767 237 825 §laicum
251 770 304 827 sao
316 772 462 829 mittentem
475 773 670 829 aurasicensem
683 777 712 822 ta
724 774 759 822 tta
771 774 822 828 ‘bra
834 772 931 824 saman
944 771 988 825 lta·
1072 841 1077 857 .

387 915 389 920 ·
468 913 608 930 1-1..-

166 1004 216 1055 Sta
227 1007 390 1059 aurifaber
402 1009 431 1058 ll.
443 1011 490 1062 364.
515 1010 614 1064 eberardi
627 1012 667 1064 tta
680 1009 772 1061 wald
785 1009 849 1056 XXI.
862 1011 919 1060 toea·

51 1115 165 1222 Gratiam
181 1180 210 1224 et
226 1183 340 1242 pacem.
374 1173 442 1232 Nec
460 1177 528 1230 dum
546 1175 672 1245 rediisti,
689 1177 730 1230 mi
747 1175 845 1242 June,
861 1173 941 1244 quod
958 1172 1062 1238 miror,

50 1266 100 1306 cam
118 1257 152 1312 ita
167 1259 207 1316 sit
223 1263 312 1332 pestis
329 1273 444 1320 mortua
466 1267 647 1338 accopulat,
673 1267 722 1322 vel
742 1265 877 1320 visitares
895 1265 999 1320 saltem
1016 1262 1065 1316 tri.

48 1338 154 1414 balatus,
176 1352 286 1406 nostris
304 1353 419 1408 scilicet
442 1356 589 1427 expensis.
623 1356 762 1410 Redeunt
785 1353 933 1408 turmatim
951 1351 1001 1422 qui
1020 1352 1064 1404 fu.

46 1445 141 1502 gerant,
164 1439 251 1506 cives„
270 1443 331 1496 fere
354 1461 476 1514 omnes,
501 1463 573 1500 cras
598 1447 685 1501 etiarn
709 1445 899 1514 Magistratus
926 1443 1063 1514 aderunt,

46 1520 147 1595 denique
168 1531 327 1586 Academia
351 1533 433 1592 brevi
458 1537 563 1605 aderit,
590 1548 623 1592 ut
648 1536 802 1606 Philippus
825 1533 937 1588 scribit.
976 1531 1064 1586 Deus

46 1622 78 1664 ut
95 1616 227 1674 misertus
248 1622 341 1689 nostri
365 1625 436 1679 satis
452 1625 605 1694 magnifice
629 1635 658 1680 et
676 1625 818 1694 mirifice,
844 1633 879 1678 ut
903 1623 1065 1676 declararet
1135 1683 1142 1692 .

43 1704 167 1764 orationes
178 1699 273 1769 nostri
284 1709 436 1782 Evangelii
452 1713 507 1770 sibi
522 1716 605 1770 valde
617 1716 733 1785 placere
741 1755 750 1782 ,
769 1711 956 1786 quantumvis
970 1712 1064 1766 simus

43 1789 85 1860 ipsi
108 1809 287 1866 peccatores.
320 1801 509 1874 Margaretha
524 1805 691 1868 Mochinna
718 1821 757 1860 ex
772 1813 869 1862 morte
894 1804 956 1875 ipsa
980 1801 1065 1859 rediit

41 1881 108 1949 plane
129 1888 295 1961 desperata,
329 1902 457 1964 atquae
483 1912 540 1948 nec
565 1896 677 1950 audiret
701 1911 757 1949 nec
780 1905 897 1966 saperet
922 1893 1062 1964 amplius:

40 1969 137 2030 tratrem
160 1979 191 2034 in
208 1980 318 2058 Segren
342 1999 397 2053 pro
420 1999 460 2038 se·
474 1984 590 2040 obtulit.
623 1985 763 2055 Denique
789 1999 894 2038 omnes
918 1981 1062 2037 valemus.

38 2055 69 2114 Et
82 2063 169 2122 Ketha
186 2080 253 2124 mea
269 2087 339 2126 cum
356 2071 444 2127 liliola
460 2073 615 2128 Elisabeth
631 2075 726 2140 valet,
753 2089 828 2144 quas
847 2081 876 2126 te
892 2071 1062 2126 valdissime
1094 2065 1099 2080 ¹

39 2151 141 2224 salutat,
162 2160 218 2214 sed
233 2162 325 2231 magis
341 2163 426 2217 valde
444 2174 472 2218 te
495 2165 598 2220 adesse
615 2164 696 2233 carpit
713 2179 782 2216 curn
804 2171 867 2216 tota
882 2160 990 2238 familia
1008 2161 1064 2214 sal.'

39 2253 100 2302 Vlla.
131 2246 264 2305 Hennam
288 2254 312 2304 a·
328 2251 390 2306 Sala
413 2253 656 2324 desponsavimus
678 2251 760 2306 heri:
785 2251 831 2305 die
857 2250 1064 2305 circumcisio.

39 2329 74 2384 nis
86 2339 214 2408 vesperi,
236 2340 379 2410 si'voles‚
402 2342 509 2410 nuptiis
528 2341 631 2397 adesse
649 2340 763 2395 licebit:
785 2340 867 2393 nubit
885 2349 982 2394 autem
999 2339 1062 2394 cai.

37 2417 86 2475 dara
95 2424 184 2483 Petro
203 2431 348 2486 sacerdoti
366 2447 406 2486 ex
418 2431 517 2500 Haila,
533 2431 611 2486 bona
628 2439 658 2485 et
674 2429 801 2484 honesta
818 2429 943 2494 familia,
962 2427 1062 2498 inqua

34 2520 57 2562 et
69 2511 168 2572 Pastor
181 2518 368 2576 Drasdensis
395 2504 521 2586 Petrus,
549 2520 645 2575 hostis
661 2517 760 2586 verbi,
785 2519 938 2590 proximus
955 2511 1060 2573 oense.

34 2609 77 2656 tur.
104 2606 169 2678 Ego
188 2625 316 2682 corpore
334 2626 440 2677 sanus,
461 2611 559 2666 animo
570 2621 715 2682 quantum
733 2609 870 2664 Christus
882 2608 984 2679 juvat,
1010 2605 1061 2680 q'ui

32 2695 95 2748 tenui
110 2697 159 2753 filo
186 2715 227 2754 ex
243 2717 306 2767 me,
329 2687 359 2756 et
376 2717 431 2772 ego
449 2715 488 2754 ex
512 2701 562 2754 illo
580 2701 754 2784 pendemus.
789 2701 872 2754 Satan
894 2707 992 2754 autem
1008 2709 1062 2770 po.¹

31 2785 139 2842 tentibus
156 2789 331 2844 radentibus
348 2798 378 2844 et
394 2790 468 2843 adeo
486 2791 605 2844 camelis
622 2801 662 2845 ex
673 2805 720 2844 me
738 2790 847 2861 pendet
862 2789 898 2844 ad
915 2789 1060 2865 profunda

28 2874 145 2931 trahens:
174 2879 228 2952 sed
250 2879 384 2934 Christus
409 2879 540 2933 iniit-mus
554 2897 622 2952 -per
645 2888 759 2934 vestras
786 2880 933 2934 orationes
962 2879 1083 2960 adi-auc¹

30 2967 193 3031 superatae}
206 2969 309 3026 saltem
321 2978 430 3040 pugnat
441 2969 568 3024 fortiter.
601 2969 694 3038 igitur
705 2970 815 3040 pergite
834 2979 863 3024 et
873 2967 1021 3022 infirmum
1031 2967 1059 3050 ξ)

27 3047 91 3106 ilum
108 3055 262 3113 Christum
278 3057 383 3124 efficite
400 3057 507 3112 fortem
523 3057 664 3130 precibus
685 3057 813 3124 vestris,
839 3067 872 3111 ut
889 3071 941 3111 sua
964 3057 1059 3126 impu.

26 3143 98 3196 tantia
113 3147 228 3212 frangat
244 3148 422 3218 potentiam,
440 3147 500 3202 irno
518 3147 662 3202 ferociam
675 3147 805 3202 Satanae.
838 3142 1057 3201 Vindicate‘me

24 3227 45 3281 in
64 3235 138 3289 illius
160 3235 297 3305 superbia
313 3223 535 3305 confundenda,
561 3237 611 3308 qui
626 3253 683 3290 vos
699 3236 842 3292 vindicavi
866 3237 894 3292 in
915 3235 1058 3291 iniussa.

24 3319 117 3398 pientia
136 3333 167 3378 et
180 3326 286 3380 astutia
304 3327 473 3398 revelanda,
495 3327 548 3380 sed
565 3325 661 3380 omnia
679 3335 708 3379 et
725 3326 874 3396 omnesin
891 3326 1010 3382 Christo
1029 3311 1075 3381 et)

23 3425 52 3464 ax
63 3412 197 3469 Christo.
219 3413 289 3470 Vale
302 3403 455 3472 sanissime
467 3415 496 3470 iu
510 3415 638 3470 Christo.
662 3409 758 3470 Salina
772 3417 887 3482 tunm2)
896 3416 1056 3485 Dictative,
1158 3469 1160 3477 ,

57 3599 75 3646 a)
88 3595 189 3641 Auris.
204 3591 322 3653 infinum,
336 3598 386 3646 nal
400 3597 461 3649 altit
474 3599 496 3653 [a
510 3599 596 3652 suarna
609 3567 700 3654 fatiat.
757 3602 780 3660 2)
794 3597 887 3652 Arrii.
902 3565 968 3658 talto
981 3588 1068 3646 illuns

19 3666 43 3714 ὅ.
53 3667 96 3715 liu.
110 3671 266 3718 nccccvn.
294 3674 325 3724 6.
338 3673 384 3722 213.

53 3839 76 3886 ¹)
89 3838 179 3890 missar
192 3793 352 3893 mamm
365 3841 403 3889 ini
417 3843 443 3894 ξς.
457 3843 520 3893 1527,
537 3843 565 3889 ta
577 3842 623 3892 Μ
637 3841 781 3892 abditarum
795 3831 914 3894 &titubata
928 3844 965 3890 att
978 3799 1057 3889 tratas

18 3907 110 3960 manns
123 3911 202 3962 salta,
216 3913 307 3963 maistas
321 3915 354 3960 tna
364 3915 391 3966 3.
401 3913 458 3967 tsaa
470 3915 491 3960 a.
500 3917 520 3960 3.
530 3915 590 3968 aaa.
603 3915 668 3966 aava.
693 3916 751 3970 atat.
764 3914 817 3964 aad
830 3917 875 3964 ida.
885 3922 907 3962 a.
917 3919 935 3964 l.
943 3916 1054 3972 baasam.

16 3975 51 4025 lla.
63 3981 202 4034 Dcccclt:
224 3985 272 4037 aaa
286 3983 470 4046 sabaraitarum
483 3988 510 4044 ta
522 3988 556 4036 aar
569 3987 617 4039 aaa
629 3978 674 4037 aaa
687 3986 850 4051 waltrandus
862 3997 904 4038 aas
