2754 4602
268 285 309 350 so
745 282 836 352 teta.
867 309 873 340 2
1015 367 1018 378 1
1281 255 1284 262 ’

267 455 340 495 ecce
356 413 465 495 'turbas
486 437 563 496 mihi
576 429 663 512 'parit
684 443 835 498 recentior
859 441 906 498 iiia
924 433 1095 502 moniaiiirm
1117 440 1250 498 liberatio
1256 482 1265 510 ,
1283 437 1310 510 ⁴)
1362 425 1363 490 i

194 575 197 585 .
266 529 306 585 ibi
317 530 409 584 saevit
419 529 522 584 animis
536 529 776 600 ignobrievulgus
788 531 939 588 nobilium.
971 531 1013 589 Et
1024 532 1207 600 mirumest,
1225 546 1312 602 quam
1362 529 1363 600 1

266 621 323 677 iilis
342 630 461 691 quoque
478 636 540 674 non
556 621 637 675 credi
655 622 740 688 iicet,
766 621 815 692 qui
832 622 978 676 hactenus
996 621 1238 690 evangelicissimi
1255 621 1313 676 visi

265 717 343 764 sturt.
376 707 565 764 Amsdoriius
576 723 671 781 nuper
687 709 751 780 ipse
768 710 798 764 in
812 711 944 780 periculo
962 721 1025 766 erat
1037 711 1112 782 apud
1130 710 1217 777 iiius,
1235 723 1312 780 quos

264 799 321 870 ipsi
335 798 510 870 putabamus
527 813 597 854 cum
613 800 678 870 ipso
695 814 763 855 ease
780 816 862 855 arces
881 809 911 856 ct
927 802 1038 870 refugia
1053 809 1173 865 nostra,
1191 799 1216 854 si
1232 817 1311 871 opus
1342 833 1345 842 ·

263 891 349 943 toret.
383 888 455 943 Vox
468 889 630 944 Amadortii
648 899 729 946 erat:
744 887 801 952 &tr
814 885 868 954 tab
879 888 977 950 butro
989 889 1061 956 rttbt
1078 888 1159 948 attan
1173 887 1219 958 fur
1230 889 1311 954 bans

188 1053 191 1066 1
261 975 372 1044 itabat
390 977 453 1042 aad)
468 977 514 1041 ittr
531 977 575 1036 itt
592 977 676 1038 tbttt.
710 979 884 1048 Mirareris,
910 980 936 1034 si
952 979 1072 1035 nomina
1096 979 1322 1036 eorumiiteris'
1362 981 1363 1058 1

222 1067 233 1080 “
260 1070 398 1124 mandare
420 1069 540 1146 liceret.¹
565 1069 650 1124 iiaec
666 1085 754 1126 causa
778 1079 841 1138 est,
871 1079 905 1127 ut
929 1071 1067 1141 lacrymis
1089 1079 1208 1126 catenae
1225 1085 1309 1126 meae
1362 1067 1363 1146 1

260 1161 405 1225 retinear,
420 1173 465 1216 ‚ne
491 1167 531 1213 te'
545 1159 700 1228 accedam,
726 1160 889 1225 credentis,
913 1159 987 1220 nihil
1012 1161 1110 1216 minus
1133 1169 1162 1214 te
1188 1168 1309 1231 optare,
1362 1153 1363 1220 1

258 1249 341 1304 sicut
365 1257 396 1304 et
419 1248 540 1331 scribit,
564 1265 653 1320 quam
675 1249 976 1320 periculummeum,
999 1249 1045 1304 sic
1069 1249 1147 1322 enim
1169 1249 1311 1321 disputat:

258 1337 422 1392 Amsdorfii
444 1354 518 1392 vero
541 1339 677 1392 autoritas
701 1339 778 1408 apud
795 1355 847 1393 me
871 1340 1030 1410 plurimum
1053 1341 1076 1406 1)
1103 1329 1190 1395 ¹vaiet:
1231 1337 1313 1395 Tum
1362 1337 1363 1392 i

258 1427 356 1496 nosti,
374 1433 523 1498 'quantum
537 1423 684 1497 Princeps
710 1427 763 1482 iste
781 1437 885 1483 noster
911 1438 958 1483 est
982 1429 1124 1498 evangeiii
1140 1429 1311 1497 studiosus,·
1362 1431 1363 1440 ’

163 1531 167 1542 ”
206 1559 210 1572 t
258 1519 447 1572 tantominus
464 1516 584 1572 estsuis
602 1517 809 1585 formidabilis,
828 1519 909 1590 quod
925 1525 1046 1591 sperent
1063 1519 1150 1576 facite
1166 1520 1205 1573 illi
1218 1520 1309 1576 verba
1362 1549 1363 1602 1

258 1607 322 1664 fieri
340 1617 448 1679 posse,
467 1607 609 1679 quicquid
625 1608 711 1661 etiam
729 1607 790 1662 ausi
807 1608 925 1663 fuerint.
1075 1611 1076 1616 ’
1163 1647 1174 1675 x
1250 1590 1253 1601 ’

324 1737 416 1812 Quod
438 1737 571 1806 quaeris,
597 1754 633 1792 an
655 1736 865 1808 Principiasit
887 1721 1030 1794 cohibere
1057 1739 1308 1811 abominationes,
1362 1727 1363 1802 i

259 1827 447 1883 causantibus
478 1811 669 1893 ad'venarits,
702 1828 853 1882 neminem
877 1829 987 1882 debere
1013 1830 1080 1898 cogi
1111 1829 1145 1884 ad
1170 1829 1256 1884 iidem
1280 1840 1312 1886 et
1362 1833 1363 1898 1

257 1915 469 1987 Evangelium,
487 1915 592 1970 deinde
603 1915 684 1970 nrtilo
697 1918 836 1988 exemplo
848 1918 876 1970 id
888 1917 949 1972 iieri
960 1956 969 1983 ,
986 1929 1141 1990 postremo
1152 1919 1312 1992 Principes
1362 1907 1363 1978 i

162 2049 167 2059 ,
259 2003 289 2062 in
317 2005 449 2074 externis
468 2005 567 2058 soium
588 2004 639 2073 jus
666 2003 786 2090 imperii
800 2005 929 2085 habere:
954 2008 1151 2077 respondeas,
1176 1991 1229 2063 cur
1254 2009 1312 2082 ipsi
1362 2003 1363 2098 1

258 2095 345 2168 primi
362 2111 423 2149 non
447 2095 490 2148 sic
514 2091 643 2160 iaciunt,
667 2102 699 2147 ut
720 2110 803 2162 nunc,
819 2093 944 2148 ¹tiemum
968 2101 1228 2164 argumentantur?
1253 2097 1311 2170 ipsi
1362 2133 1363 2148 t

174 2221 177 2232 ·
260 2185 340 2240 enim
355 2201 417 2238 non
435 2183 534 2238 solum
551 2191 662 2252 cogunt
679 2182 714 2236 ad
732 2191 869 2236 externas
887 2182 1136 2254 abominationes,
1158 2201 1262 2241 verum
1281 2197 1313 2244 et
1362 2189 1363 2270 1

248 2275 296 2345 ,ad
321 2274 463 2328 internum
489 2271 689 2327 infidelitatem
714 2281 743 2326 et
759 2272 857 2328 cordis
884 2269 1073 2344 impietatem.
1107 2276 1213 2338 Ferant
1239 2295 1312 2346 ergo
1362 2287 1363 2298 ¹

221 2389 224 2394 ·
259 2380 430 2421 mensuram
442 2378 481 2417 ex
494 2373 575 2434 parte
587 2363 706 2428 saltem,
725 2379 782 2434 qua
793 2362 963 2418 metiuntur.
1000 2363 1090 2440 Quod
1101 2382 1175 2420 vero
1189 2375 1312 2436 cogunt,
1362 2359 1363 2452 1

261 2457 330 2512 satis
342 2462 438 2525 patet,
457 2453 538 2524 quod
556 2453 694 2505 invocant
708 2453 835 2504 alienum
848 2451 1033 2524 Principem,
1053 2471 1112 2526 quo
1125 2469 1185 2510 uno
1196 2471 1316 2510 merua.
1362 2453 1363 2506 i

224 2529 242 2564 s
261 2552 328 2596 rant
344 2556 467 2610 prorsus
487 2538 607 2608 expelli.
633 2538 758 2620 „Deinde
776 2537 931 2616 Principes
948 2543 1042 2596 nostri
1064 2561 1125 2599 non
1142 2553 1251 2614 cogunt
1276 2545 1316 2600 ad

258 2630 351 2686 tidem
375 2638 405 2683 et
428 2627 631 2696 Evangelion,
664 2627 717 2680 sed
742 2625 882 2682 cohibent
908 2640 1045 2685 externas
1069 2633 1315 2700 abominationes.
1362 2639 1363 2726 1

263 2721 340 2774 Cum
357 2718 443 2786 igitur
459 2716 577 2797 ipsimet
594 2717 740 2770 fateantur
755 2716 785 2770 in
802 2721 932 2773 externis
949 2721 1039 2776 rebus
1057 2738 1123 2777 esse
1136 2724 1318 2793 jus'Princi.
1362 2735 1363 2792 1

261 2807 365 2882 pibus,
388 2805 443 2878 ipsi
456 2817 528 2909 'ses'e
546 2803 691 2868 damnant.
723 2805 845 2862 Debent
865 2809 943 2862 enim
961 2809 1115 2882 Principes
1132 2786 1247 2884 publica
1266 2817 1319 2870 fla.
1362 2795 1363 2876 1

242 2909 244 2916 ’
263 2899 347 2968 gitia,
365 2907 398 2952 ut
409 2896 555 2969 perjurra,
571 2893 771 2966 blasphemias
788 2897 917 2952 nominis
930 2899 990 2954 Dei
1003 2902 1190 2967 manifestae,
1208 2906 1316 2979 quales
1362 2889 1363 2982 1

263 2990 336 3044 istae
354 2997 433 3056 sunt,
458 2985 613 3053 cohibere,
639 2985 755 3060 interim
773 2965 844 3077 nibil
864 2997 1017 3056 cogentes,
1033 2991 1096 3045 sive
1114 2994 1235 3048 credant
1251 2995 1294 3062 illi
1303 3037 1315 3065 ,
1362 2987 1363 3070 1

263 3077 326 3132 sive
344 3094 414 3146 non,
431 3075 483 3148 qui
494 3072 701 3146 prohibentur,
719 3090 816 3146 neque
835 3075 860 3130 si
873 3070 950 3134 clatri
959 3077 1149 3148 maledicant,
1166 3081 1229 3136 sive
1241 3101 1318 3140 non.
1362 3075 1363 3144 i

262 3166 328 3222 Nos
342 3167 421 3220 enim
433 3166 468 3220 de
481 3163 607 3237 publicis
619 3145 785 3218 maledictis
797 3175 826 3219 et
837 3163 1029 3235 blasphemiis
1042 3169 1183 3239 dicimur,
1202 3173 1318 3244 quibus

238 3253 365 3332 'Deum
381 3253 516 3308 nostrum
531 3251 743 3324 blasphemant.
779 3251 1009 3324 Hoc(inquam)
1028 3256 1319 3328 sipossumus,de.
1362 3295 1363 3322 t

143 3355 147 3360 ·
242 3341 366 3414 ‘bemus
384 3344 545 3408 cohibere,
567 3343 592 3396 si
609 3359 667 3398 non
686 3345 863 3416 possumus,
887 3345 1021 3413 cogimur
1037 3347 1216 3416 permittere.
1253 3351 1315 3407 iiic
1362 3335 1363 3428 1

137 3427 140 3434 ’
260 3449 350 3487 nemo
368 3431 465 3485 adhuc
491 3429 606 3500 cogitur
630 3432 665 3485 ad
691 3430 779 3484 iidem
804 3439 833 3484 et
857 3430 1059 3508 Evangelionr
1082 3423 1171 3490 n'ctno
1194 3441 1318 3508 cogitur
1362 3443 1363 3526 1

203 3578 209 3589 1
260 3523 295 3577 ad
308 3521 407 3576 cordis
420 3521 538 3592 impiam
550 3519 736 3592 opinionem,
753 3519 879 3590 quaiiter
893 3519 1110 3594 ipsifacerent,
1129 3526 1153 3580 si
1166 3520 1319 3598 possenti
1362 3545 1363 3578 t

261 3647 786 3676 q—n-q-——a———u-ffl--u

152 3773 154 3778 2
189 3702 194 3798 1
281 3774 286 3780 .
307 3735 329 3784 1)
349 3733 417 3780 Cod.
434 3717 545 3780 mulium,

251 3933 254 3938 “
306 3933 331 3984 *i
345 3928 382 3983 &0
394 3931 440 3980 No,
452 3931 596 3979 1)(ΞΟΧΙᾸῙ.Ἰ
