2656 4592
515 251 697 358 teas·
839 251 841 256 ’
1021 261 1175 352 ιιι-ἶ

33 430 193 508 ciotmlore·
227 423 362 484 alterum
377 426 460 482 ettam
474 411 615 502 prodest
631 445 692 496 ιιοιι
703 403 904 484 ntmrsmultas
918 441 1079 496 conciones
1152 453 1155 468 ·

33 499 111 574 fieti.
145 521 238 578 :tudio
257 532 317 575 tres
335 521 497 577 conciones
522 520 551 572 in
570 520 768 602 Regictnonte
785 512 907 612 singulis
925 518 1080 572 dominicis

33 610 109 664 fieri.
142 609 223 682 Quid
242 623 315 680 opus
334 612 400 664 est?
418 609 492 662 duae
510 609 583 664 satis
599 620 696 678 erant,
720 624 750 664 et
765 626 819 684 per
836 619 929 664 totam
944 609 1081 679 septima.

33 717 103 754 nnn
120 699 191 752 duae
213 712 262 757 aut
279 711 350 752 tres
386 699 419 751 ln
445 699 490 752 tlla
507 716 591 770 copta
614 700 731 770 obrepit
751 701 866 754 satietas
884 700 1006 772 populo.
1041 699 1083 752 Sit

35 789 236 860 igiturnrodus
254 789 391 859 qnidam,
409 805 446 843 ne
458 791 544 844 nimis
562 785 649 844 etiam
667 779 827 844 onerentur
843 789 1083 855 concionatores,

35 891 64 942 et
82 889 112 934 ut
123 879 248 932 habeant
262 879 349 932 etiam
362 877 468 948 aliquid
480 871 563 932 vacui
577 881 720 980 temporis
733 880 767 932 ad
783 879 964 934 discendum.
986 878 1084 934 ‘Nihil

34 969 81 1037 fit,
107 984 173 1020 cum
192 967 322 1038 quotidie
341 979 484 1038 cogentur
502 969 691 1036 concionari,
717 969 771 1022 uisi
794 979 827 1022 ut
849 968 1017 1022 immeditati
1034 985 1086 1022 ve.

33 1061 114 1112 niant
127 1057 160 1110 in
177 1055 330 1127 'publicum
348 1070 377 1110 et
395 1058 543 1124 eflutiantl,
568 1075 643 1128 quae
661 1060 692 1112 in
706 1059 831 1112 buccam
848 1059 1010 1136 inciderint
1039 1057 1087 1112 Ει

34 1150 58 1203 si
77 1148 150 1202 niltil
166 1149 281 1220 venerit
298 1133 493 1215 intuentem,
519 1149 702 1212 transferunt
720 1165 753 1202 se
778 1149 813 1204 ad
833 1125 932 1201 locutu
951 1165 1086 1202 commu.

33 1255 120 1306 nem,
138 1255 230 1308 quem
240 1255 332 1290 unum
345 1237 454 1294 hibent
467 1239 603 1308 plurnm
620 1245 726 1309 nempe
738 1239 773 1292 ad
789 1255 932 1292 convicta
968 1239 1100 1316 Utinam'

34 1329 124 1382 Deus
136 1329 256 1382 tandem
274 1322 413 1398 respiciat
430 1345 486 1382 nos
513 1341 541 1398 et
565 1329 615 1382 det
636 1329 894 1403 concionatoribus
919 1329 1032 1382 animos
1058 1338 1089 1382 et

33 1421 149 1487 linguas
167 1419 396 1473 moderatiores!
429 1420 510 1476 Haec
532 1419 639 1490 scripsi
659 1421 788 1490 pluribus
806 1419 921 1487 verbis,
939 1427 971 1472 ut
988 1435 1090 1472 curam

34 1511 63 1562 in
82 1511 139 1562 hac
157 1525 189 1561 re
206 1520 287 1561 tuam
305 1510 452 1564 acuerim:
478 1511 558 1576 scio,
582 1521 611 1563 te
628 1495 699 1563 'esse
717 1509 995 1563 moderatissimum.
1030 1509 1088 1562 Sed

35 1601 81 1654 ille
101 1599 356 1668 Regiomontanus
380 1593 576 1652 concionator
597 1599 717 1679 minime
737 1598 814 1652 mihi
828 1599 997 1654 moderatus
1020 1613 1088 1652 esse

34 1693 116 1744 visus
138 1695 203 1758 ost,
229 1690 376 1758 ingenium
402 1689 566 1743 vehemens
593 1685 654 1756 ci·t‚'
673 1690 773 1743 ‘oratio
796 1693 920 1758 tragica,
949 1690 1088 1760 querelae

36 1779 245 1834 acerbissimae
263 1781 300 1831 de
318 1779 478 1834 levissimis
494 1779 592 1832 rebus.
629 1779 720 1853 Quod
733 1779 782 1832 hic
801 1777 836 1832 de
855 1797 891 1833 eo
905 1779 979 1832 male
997 1779 1089 1842 locuti
1122 1817 1124 1823 ι

34 1887 133 1926 essem
147 1871 228 1925 cives
248 1872 338 1941 ipsius
347 1911 356 1938 ,
375 1871 522 1936 obsecro,
541 1887 638 1940 nonne
657 1873 789 1941 oportuit
801 1871 875 1925 haec
888 1865 1085 1927 dissimulari?

33 1968 114 2030 Ages
131 1961 219 2030 igitur
236 1968 304 2042 cu'm
322 1977 377 2028 ec,
396 1962 439 2014 sic
454 1961 504 2014 tibi
519 1963 620 2028 decet,
639 1971 672 2018 ut
690 1961 776 2014 istam
792 1973 910 2015 naturae
928 1959 1090 2038 vehemen-

34 2053 105 2105 tiam
121 2062 230 2116 mutet,
256 2062 288 2103 ut
304 2051 438 2104 modeste
457 2038 579 2117 doceat,
598 2061 629 2102 ut
646 2047 811 2119 patientiam
828 2056 957 2122 praestet
961 2027 1090 2120 dignam

39 2141 207 2210 evangelico
226 2139 359 2195 doctore.

101 2229 195 2284 Ve'nio
215 2230 250 2284 ad
268 2227 330 2283 aliti.
359 2228 465 2283 Placet
482 2226 573 2293 inihi,
591 2227 671 2298 quod
690 2227 839 2298 accessisti
857 2229 892 2281 ad
906 2229 1091 2298 Regiomon.

34 2331 95 2378 tem
105 2359 114 2386 ‚
129 2333 163 2374 ut
175 2318 342 2374 Ecclesiam
361 2320 488 2373 ordines.
524 2319 580 2371 Sed
599 2320 724 2388 primuni
738 2317 802 2370 'hoc
817 2330 846 2372 te
865 2309 919 2372 oro
938 2337 992 2389 per
1004 2319 1089 2373 Chri;
1162 2320 1166 2340 “

33 2423 125 2476 stum,
142 2427 181 2463 ne
192 2410 283 2464 mttlta
294 2413 410 2463 mutes!
433 2407 664 2478 Locns'viciuus
678 2417 723 2461 est
733 2405 955 2478 Episcoporum
969 2409 1086 2464 ditioni:

15 2476 96 2552 'non
127 2501 213 2568 igitur
235 2499 320 2554 valde
343 2491 709 2554 dissimilescctemonias
740 2482 891 2552 veteribus
924 2500 985 2578 istis
1020 2515 1088 2554 esse

16 2591 135 2648 ,veliam
163 2591 191 2643 Si
201 2581 305 2656 Latina
319 2589 408 2644 misse
420 2605 481 2642 non
498 2599 544 2642 est
561 2585 678 2654 abolita,
696 2605 756 2642 non
772 2587 889 2642 aboleas
908 2606 972 2663 eam
985 2599 1087 2646 totam.
1120 2647 1127 2662 Ι,

31 2673 198 2746 διιίιειι,
232 2677 337 2732 alicubi
361 2678 489 2755 miscere
513 2675 709 2732 Germanicas
737 2672 905 2746 cantiones,
936 2679 1010 2733 sicut
1036 2679 1089 2734 hic

32 2770 179 2840 (tacimus,
196 2779 225 2822 et
243 2767 303 2822 scis
322 2785 368 2822 tue
386 2767 517 2821 voluisse
536 2766 612 2836 apud
629 2784 684 2819 vos
700 2784 819 2838 quoque
836 2781 902 2821 ante
919 2767 1086 2824 triennium.

35 2859 196 2925 Obsecro,
223 2849 364 2928 quantum
389 2872 429 2910 ex
452 2855 603 2909 vetetibus
626 2873 804 2910 ceremoniis
823 2858 942 2911 retineri
967 2855 1086 2928 potest,
1155 2867 1156 2872 ’

32 2950 176 3003 retineas.
210 2945 298 3022 Quid
308 2947 386 3002 enim
404 2947 523 3018 attinet,
550 2946 710 3000 schismata
734 2947 796 2999 sine
813 2941 988 3001 necessitate
1005 2947 1085 3017 fieri,

35 3051 88 3092 ant
105 3039 258 3108 quomodo
277 3025 485 3090 excusabimus
506 3036 591 3100 Deo,
604 3050 664 3110 nos
682 3034 711 3088 in
728 3035 817 3088 rebus
834 3053 896 3088 non
910 3031 1085 3092 necessariis
1167 3042 1171 3050 '

31 3129 148 3183 fecisse
162 3128 356 3184 schismata?
376 3126 495 3198 Quodsi
513 3125 539 3178 L
542 3125 617 3178 atina
634 3125 722 3178 missa
735 3125 797 3192 jam
815 3137 880 3178 ante
897 3137 948 3179 est
960 3127 1090 3194 abolita,'

31 3217 105 3270 vide
122 3226 253 3282 tantum,
277 3229 311 3269 ut
328 3225 465 3269 servetur
488 3213 716 3283 aptus'quidam·
737 3213 829 3278 crdo,
853 3231 913 3266 non
937 3211 1091 3280 dissimilis
1137 3241 1141 3276 ι
1179 3198 1183 3210 ⁸

30 3307 150 3371 vetari„
172 3317 206 3359 ut
222 3305 515 3359 retineantur-vestes
541 3301 672 3356 usitatae·
689 3301 718 3354 in
736 3303 838 3356 sacris.
865 3302 944 3357 ·Νοιι
962 3320 1086 3374 possunt

29 3399 121 3466 plura
139 3396 313 3461 consulere,
328 3395 395 3466 quia
408 3394 526 3459 nescio,
544 3391 595 3462 qui
607 3393 642 3445 sit
653 3401 747 3445 status
764 3391 916 3446 Ecclesiae
933 3393 962 3448 in
975 3395 1089 3465 Regio.
1156 3429 1158 3438 ν

31 3496 141 3538 ittonae
152 3498 363 3554 aneqtteaero
380 3492 413 3536 tu
430 3491 608 3551 magnopere
626 3495 695 3538 meo
710 3480 842 3538 cttnsilio„
854 3483 990 3552 indiges*
1007 3485 1089 3544 Tana

29 3587 103 3630 tum
128 3585 156 3629 te
181 3592 251 3642 oro,
276 3577 308 3628 ut
332 3591 393 3627 non
417 3573 507 3625 multa
530 3587 634 3624 noves.
669 3569 775 3634 Omnis
799 3572 916 3628 novitas
940 3588 1029 3628 nocet
1054 3577 1085 3649 in

28 3651 138 3731 vulgo.
169 3664 240 3718 Sunt
254 3664 343 3730 igitur
359 3661 501 3715 tolerandi
518 3669 637 3714 veteres
657 3659 728 3713 ritus
747 3677 781 3712 ac
799 3675 918 3727 mores,
941 3676 1084 3732 quatenus

28 3757 103 3808 sine
119 3764 240 3824 peccato
258 3752 375 3806 tolerari
392 3751 518 3822 possint.
552 3749 649 3804 Habes
664 3757 808 3802 smnmam
821 3763 903 3804 meae
920 3753 1083 3808 sententiae

28 3859 64 3902 et
86 3845 209 3900 consilii.
242 3846 329 3898 Deus
348 3843 491 3912 gubernet
508 3851 536 3894 et
555 3854 633 3894 tuam
651 3853 779 3892 mentem
801 3855 829 3894 et
847 3857 901 3896 nos
919 3856 1023 3897 omnes
1049 3845 1091 3900 ad
1118 3884 1120 3888 ·

25 3936 193 3995 Ecclesiae
217 3935 379 4010 utilitatem
422 3933 568 4009 Qttaeso
571 3933 657 4010 etiam
665 3942 757 4004 te,
761 3944 791 4005 ut
818 3931 991 4008 rescribas,
1013 3937 1084 4012 quid

122 4027 189 4107 all.
211 4023 273 4092 lll.
437 4078 439 4082 .
478 4026 488 4038 ”
843 4029 884 4089 ἰι

886 4159 897 4243 ιΙ
967 4186 978 4218 ²
1037 4199 1043 4210 ¹

1081 4111 1088 4118 ⁸
1118 4113 1131 4136 Ι
