2650 4586
258 267 319 336 aio
409 265 421 347 g
738 267 826 338 1527.
930 217 955 319 ¹·
1064 236 1069 241 ’
1157 231 1248 356 ζ’

256 425 385 484 Proinde
403 444 470 484 cum
490 439 523 484 tu
539 428 722 484 intervalium
737 429 823 501 ponis
840 431 916 484 inter
925 409 1072 496 dationem
1089 434 1117 482 et
1131 423 1266 496 appellatio
1306 415 1307 418 ’

256 533 342 584 nem,
360 519 443 588 lingis
454 531 565 574 'contre
582 535 711 574 naturam
728 521 806 576 loeti.
839 521 926 574 Certe
944 520 979 572 ad
1002 517 1178 587 impossibIle
1192 527 1216 569 te
1231 515 1267 567 oh

255 605 343 674 ligas,
361 608 423 662 hoc
439 619 483 663 eet
500 609 533 662 ad
551 609 734 679 probandum
753 610 829 662 istud
853 607 1056 674 intervalltuu,
1081 621 1149 660 cum
1162 604 1268 670 Evange-

253 697 317 754 hsta
335 715 388 767 per
405 697 591 772 participium
617 700 685 752 illud
704 699 835 765 (dicens)
852 711 974 770 prorsus
995 699 1077 752 tollat
1101 695 1267 757 intervallum,

255 797 285 839 et
294 784 541 856 interdicendum,
559 790 607 842 vel
616 804 684 844 cum
698 788 823 842 dicendo
839 789 1109 857 fractum¹>paoem
1120 785 1268 840 essedum

253 885 283 928 et
298 892 407 946 corpus
426 877 535 934 Christi
553 877 728 950 appellatum
745 887 879 932 testatur.
914 861 1067 932 ltn'manet
1083 876 1158 940 nuda
1174 872 1270 928 etmuti
1307 927 1308 946 χ

252 963 289 1018 Iis
300 967 434 1036 cogitatio
446 979 494 1022 tua
504 967 540 1022 de
559 967 712 1024 Intervallo
724 969 867 1036 temporIs
886 977 914 1024 et
925 967 1048 1036 dationis
1050 951 1168 1056 douum
1184 965 1209 1018 in
1222 964 1269 1032 ipso
1307 961 1308 1020 ἴ

253 1055 359 1126 factam
376 1055 469 1126 lingit.
503 1056 583 1112 Nam
595 1056 675 1130 quod
693 1058 822 1128 postulas
839 1055 891 1110 tihi
907 1056 1094 1128 responderi,
1113 1072 1148 1110 an
1160 1053 1268 1110 Christus

253 1159 341 1200 uuum
358 1161 468 1216 corpus
498 1146 627 1211 dederit,
651 1157 805 1218 antequam
825 1145 948 1216 primam
973 1146 1086 1199 literam
1108 1145 1269 1216 eloqueretur

218 1241 224 1255 “
251 1233 342 1304 hujus
367 1235 522 1291 orationis:
547 1237 617 1292 Hoc
642 1243 688 1290 est
707 1251 824 1307 corpus
839 1251 958 1303 meum,
982 1233 1050 1306 quid
1074 1243 1119 1289 eat
1144 1232 1196 1290 nisi
1210 1245 1271 1285 mera

251 1325 348 1392 captio
375 1333 405 1377 et
428 1323 570 1378 insidiosa
596 1325 756 1378 verborum
774 1323 889 1378 Christi
914 1323 1079 1378 cavillatio?
1118 1321 1194 1377 Nam
1215 1319 1270 1386 lnge

249 1423 357 1482 panem
382 1428 446 1466 esse
474 1413 573 1467 datum
590 1415 635 1468 vei
662 1424 731 1484 post
756 1414 918 1471 orationem
938 1413 1132 1482 completam,
1158 1411 1270 1484 velante

232 1499 414 1573 inceptam:
433 1503 596 1573 quidhoc,
615 1520 744 1575 quaeso,
763 1503 899 1560 adrem?
923 1514 971 1558 aut
987 1503 1054 1573 quid
1073 1501 1134 1556 hoc
1151 1511 1178 1556 te
1190 1499 1270 1570 juvat?
1308 1565 1309 1570 ἵ

251 1607 322 1657 cum
334 1592 515 1664 participium
533 1593 666 1656 (dicens)
678 1594 859 1648 demonstret
876 1593 994 1646 dantem
1006 1588 1158 1662 Christum
1169 1590 1269 1645 dixisse:

251 1682 321 1736 Hoc
339 1687 385 1735 est
400 1698 517 1751 corpur
533 1698 645 1742 meunt.
680 1683 767 1737 Certe
785 1682 808 1736 ai
828 1683 878 1736 tibi
896 1693 1014 1736 centum
1030 1679 1159 1738 florenos
1176 1681 1269 1743 darem,

249 1771 322 1838 nihil
340 1773 479 1834 referret,
500 1773 569 1826 sive
582 1781 655 1844 post
672 1773 734 1826 sive
752 1782 817 1826 ante
839 1773 983 1826 dationem
1008 1773 1052 1826 sic
1068 1773 1210 1828 dicerem:
1229 1768 1271 1823 liic

250 1869 320 1914 suot
338 1865 385 1912 ¹00
401 1859 429 1916 fl.
462 1861 641 1934 Quanquam
658 1847 761 1916 natura
786 1863 852 1916 sacti
877 1873 907 1916 et
922 1862 1048 1918 namatio
1070 1861 1207 1918 historiae
1222 1875 1271 1928 per.

250 1950 386 2017 suadeat,
405 1952 474 2004 dare
492 1960 522 2006 et
538 1951 637 2006 dicere
655 1951 743 2016 simul
761 1951 869 2016 luisse,
893 1961 923 2005 ut
939 1951 1026 2005 simul
1044 1951 1157 2006 dederit
1171 1959 1269 2022 panem,

247 2045 279 2094 'et
302 2039 538 2098 simul.dixerit:
561 2042 631 2096 Hoc
657 2047 704 2095 est
725 2057 842 2113 corpus
857 2057 968 2096 meum.
1002 2040 1080 2096 Nam
1103 2042 1150 2096 sic
1165 2037 1272 2096 soletio
1309 2039 1310 2068 ἒ

249 2133 329 2184 omni
348 2131 464 2188 actione
484 2129 561 2199 fieri,
585 2143 617 2184 ut
632 2133 716 2187 dator
733 2131 820 2188 simul
838 2132 887 2185 det
911 2132 1034 2196 etdicat
1050 2147 1103 2188 seu
1120 2131 1234 2202 appellet
1247 2125 1270 2178 id

247 2220 328 2290 quod
347 2219 403 2276 dat.
435 2219 502 2276 Nisi
520 2222 596 2276 forte
614 2221 690 2296 illlum
703 2219 832 2276 vetulam
843 2220 1047 2292 quaestionem
1064 2219 1153 2275 nobis
1169 2227 1270 2276 revocas

250 2309 287 2364 de
305 2310 421 2375 instanti
437 2311 686 2378 consecrationis,
712 2309 761 2362 uhi
779 2308 914 2380 Papistne
931 2310 1053 2376 docent,
1076 2320 1146 2381 post
1162 2307 1271 2364 utimur

249 2399 390 2470 syllabam
404 2400 511 2456 adesse
530 2415 638 2470 corpus
655 2397 762 2454 Christi
780 2405 808 2452 et
825 2416 885 2454 non
902 2409 977 2453 note.
1011 2397 1078 2453 Nos
1094 2397 1166 2455 istas
1183 2385 1272 2465 cogit't.

247 2489 345 2542 tiones
372 2489 605 2558 contemnimus,
635 2502 664 2543 et
688 2491 759 2544 Deo
786 2505 846 2542 non
874 2489 1057 2558 designamus
1082 2489 1214 2544 instantia
1234 2493 1271 2538 aut
1310 2503 1311 2544 1

247 2585 398 2646 temporat,
416 2578 547 2630 contenti
564 2578 735 2647 simpliciter
751 2578 891 2646 credere,
909 2579 937 2632 id
953 2577 1014 2634 fieri
1031 2588 1134 2647 certo,
1152 2573 1271 2650 quidquid
1310 2567 1311 2622 i

245 2664 333 2719 Deus
361 2665 422 2720 lieri
448 2676 496 2720 aut
513 2680 579 2719 ease
599 2665 716 2722 dixerit.
749 2667 855 2738 Neque
882 2668 960 2722 enim
985 2684 1040 2724 nos
1064 2669 1272 2728 contendimus,
1310 2661 1311 2666 ἵ

246 2769 306 2822 quo
331 2755 455 2809 instante
485 2756 622 2823 leprosus
649 2756 688 2809 sit
711 2758 885 2826 mundatus,
914 2759 1031 2828 qu'aodo
1054 2757 1193 2820 Christus
1215 2756 1273 2812 dixit

244 2841 391 2898 Matthaei
407 2845 491 2900 VIII:
512 2843 604 2912 Volo,
622 2845 757 2900 mundus
769 2853 842 2902 esto.
877 2847 933 2902 Sed
946 2847 1016 2902 satis
1028 2858 1085 2916 est,
1102 2865 1159 2904 nos
1170 2848 1273 2904 credere

245 2933 326 2988 illum
340 2935 429 2990 fuisse
441 2935 583 2992 muudum
596 2939 722 3000 tactum,
740 2928 817 2990 sicut
830 2936 967 2995 Christus
978 2937 1101 2992 dixerat.
1137 2940 1184 2994 Sic
1197 2938 1275 2992 lilium

243 3025 351 3094 Reguli
366 3025 493 3080 Joannis
512 3035 617 3096 quarto
636 3025 784 3080 credimus
801 3037 952 3093 sanatum,
970 3027 1047 3082 sicut
1059 3026 1194 3084 Christus
1204 3027 1274 3082 dixe-

243 3127 307 3172 rat:
326 3117 435 3186 Vade,
443 3116 540 3183 filius
556 3123 630 3170 tuus
645 3114 728 3182 vivit,
745 3133 806 3170 non
818 3118 940 3182 curiosi,
957 3133 1016 3186 quo
1028 3115 1205 3188 syllabarum
1215 3125 1274 3170 tem.

243 3196 317 3278 pore
335 3217 384 3260 eut
400 3207 512 3260 instanti
529 3208 636 3264 factum
654 3206 702 3260 sit.
735 3205 775 3260 Et
791 3205 936 3260 Maurum
954 3207 1118 3274 revixisse,
1135 3209 1210 3263 sicut
1221 3221 1276 3262 ver.

173 3309 176 3318 ’
239 3278 315 3352 brun
332 3283 441 3352 Christi
458 3307 556 3352 sonat:
578 3296 729 3372 Lam-e,
745 3293 940 3365 asteismus,
957 3295 1061 3353 otiosis
1078 3307 1107 3352 et
1122 3296 1274 3367 vaniloquis

150 3418 152 3428 ,
240 3384 453 3454 relinquimus,
472 3401 508 3438 au
519 3384 573 3440 suh
586 3401 679 3452 voce,
697 3381 892 3453 veniforos,
909 3386 956 3438 vel
968 3385 1117 3453 Lazaro,
1134 3383 1275 3452 revixerit,

242 3484 273 3533 et
289 3476 354 3530 talia
371 3475 471 3528 multe.
505 3474 553 3530 Sic
571 3483 605 3558 et⁴
616 3475 666 3528 hic
682 3489 786 3544 panem
805 3489 871 3528 esse
889 3479 999 3546 corpus
1014 3474 1122 3530 Christi
1140 3468 1278 3539 dicimus,

199 3615 202 3620 Δ
235 3563 308 3635 ,quia
336 3562 472 3618 Christus
497 3562 581 3618 dicit:
610 3563 680 3618 Hoc
697 3569 744 3616 est
760 3561 881 3634 Corpus
897 3563 1016 3632 metim,
1043 3564 1103 3618 aliia
1123 3560 1277 3634 λιγημιίχιις

179 3709 181 3716 ,
241 3653 460 3717 concedentes,
485 3655 517 3705 ut
541 3652 576 3706 de
602 3649 776 3706 instantibus
802 3662 832 3706 et
854 3651 972 3722 syllabis
995 3652 1151 3730 disputent.
1184 3652 1275 3708 Nobis

241 3745 319 3799 enim
337 3751 529 3815 praeceptum
546 3749 607 3807 est,
634 3741 725 3796 verba
740 3739 801 3794 Dei
818 3755 888 3796 vern
905 3757 971 3800 esse
987 3743 1125 3812 credere,
1149 3759 1210 3799 non
1231 3757 1275 3798 au.

246 3864 763 3889 W

203 3946 212 3956 “
290 3941 309 3988 tl
325 3935 417 3982 Auril'.
436 3933 530 3979 lactum.
638 3924 643 3935 “
