2650 4586
90 255 102 301 ¹
195 277 197 285 ·
453 270 457 280 ’
513 281 602 352 1527.
890 260 933 282 ''
1018 277 1077 354 tat

39 439 65 490 in
80 437 211 494 Domino
223 477 233 505 ,
247 436 306 492 mei
321 454 455 508 memor,
473 442 515 498 uti
532 443 622 511 tacis,
639 441 865 512 Witenbergae,
883 439 1075 505 atnxxvtt.

39 528 106 580 feria
121 532 145 582 t.
162 537 234 598 post
249 527 410 584 Laurentii.
859 559 864 566 ·

274 603 276 610 '
638 621 643 630 ¹
713 597 861 652 Martinus
881 596 1044 655 Lumerus.

97 729 273 786 Academiae
289 739 408 788 nostrae
425 721 562 788 homines
575 733 637 802 jam
660 735 688 790 in
709 735 807 803 Jona,
834 735 919 792 vobis
941 735 1075 804 vicinos,

39 817 86 880 tibi
102 836 134 876 et
145 825 253 878 nostris
271 822 408 888 omnibus
427 825 617 879 commendo.
688 821 691 826 ’
1034 815 1037 822 ’

69 1191 108 1248 19.
124 1169 254 1280 taranta.
542 1182 544 1196 ’
661 1163 664 1170 ’
693 1187 748 1246 uo.
765 1189 1044 1252 ncccaxxxrx.

191 1353 233 1442 j
312 1439 314 1444 Ι
406 1341 743 1424 andastaua·

238 1502 294 1552 man
306 1502 344 1550 tet
356 1501 486 1554 missatica
500 1453 546 1552 aira
559 1505 597 1554 tu
609 1505 660 1558 <art
673 1504 699 1554 ia
711 1503 868 1560 mittentem.
891 1546 896 1556 ,

480 1643 623 1658 Μ

58 1735 106 1790 aa
120 1734 284 1786 aurifaber
297 1735 324 1784 11.
338 1737 383 1788 aas.
398 1737 420 1784 a.
439 1739 504 1793 mn.
519 1717 577 1784 'coa
591 1739 644 1784 sen.
659 1751 680 1784 a.
695 1739 711 1784 r.
724 1741 769 1786 an.
795 1735 893 1791 oracta
908 1737 948 1790 ain
961 1729 1066 1798 maret,

489 1811 552 1857 aar.
567 1816 622 1860 nso.
685 1817 687 1824 ·
1036 1813 1039 1822 ’

40 1933 178 2036 Gratiam
195 1991 357 2054 etpacetn.
388 1967 702 2040 Restitutumte‘essc
717 1978 853 2054 gaudeo,
864 1991 893 2038 et
905 1985 1010 2053 gratias
1023 1997 1077 2052 ago

41 2069 153 2126 Christo
175 2073 311 2128 Domino
334 2086 449 2132 nostro.
483 2075 561 2142 Ora,
587 2091 717 2146 quaeso,
742 2092 797 2146 pro
821 2091 887 2140 me,
912 2084 944 2128 ut
969 2083 999 2127 et
1023 2087 1078 2141 ego

39 2159 116 2226 plane
133 2145 333 2229 revalescam,
357 2164 380 2218 si
398 2174 442 2218 est
457 2165 594 2218 voluntas
610 2164 670 2220 Dei
688 2163 855 2235 salvatoris.
890 2161 940 2216 Ne
958 2173 986 2216 te
1005 2177 1081 2232 quo.

40 2237 93 2316 que
109 2251 284 2306 conturbent
301 2251 474 2323 visitationis
491 2267 644 2320 rumores,
668 2267 736 2305 nam
759 2250 825 2305 lteri
848 2251 991 2318 Princeps
1016 2260 1081 2304 acta

40 2337 207 2396 visitationis
232 2342 267 2396 ad
290 2359 338 2396 me
363 2343 456 2408 misit,
484 2353 517 2398 ut
538 2343 671 2396 viderem
697 2349 726 2396 et
749 2339 932 2409 judicarem,
959 2339 1080 2406 dignane

40 2439 134 2483 essent
149 2431 285 2485 editione.
305 2418 429 2506 'Omnia
445 2433 570 2502 pulchra
585 2441 665 2498 sunt,
683 2431 821 2498 simodo,
836 2431 912 2486 sicut
924 2429 1083 2482 constituta

37 2529 112 2586 sunt,
129 2521 377 2590 administrentur,
394 2521 436 2576 uti
452 2521 578 2578 videbis.
613 2523 692 2590 Sine,
708 2531 741 2574 ut
751 2519 907 2574 adversarii
920 2517 1082 2588 glorientur

36 2607 62 2661 in
74 2611 251 2679 mendaciis,
268 2612 356 2666 sicuti
370 2595 485 2681 solent,
504 2628 571 2668 cum
585 2613 703 2666 veritate
716 2611 862 2696 consolari
879 2626 911 2664 se
926 2616 1082 2682 nequeant.

93 2725 193 2782 Pestis
212 2726 261 2780 iric
279 2727 378 2803 coepit
394 2728 528 2797 quidem,
547 2727 598 2781 sed
617 2727 684 2782 satis
703 2727 827 2798 propitia
845 2734 904 2782 est:
923 2725 976 2780 sed
990 2726 1081 2780 mirus

37 2825 76 2869 est
91 2815 251 2872 hominum
268 2827 406 2887 paveret
423 2819 506 2884 fuga,
531 2827 564 2870 ut
587 2819 644 2870 tale
666 2827 833 2871 anonstrum
858 2815 984 2870 Satanae
1001 2823 1084 2870 antea

36 2922 90 2958 non
102 2906 240 2970 viderim,
256 2907 330 2960 adeo
341 2915 444 2973 terret,
462 2907 522 2960 imo
537 2907 650 2976 gaudet,
670 2921 702 2962 se
721 2923 810 2977 posse
827 2906 871 2960 sic
888 2906 978 2958 corda
996 2921 1084 2974 pave.
1159 2947 1167 2958 ,

37 2996 147 3065 tacere,
166 2996 294 3063 scilicet,
313 3007 345 3050 ut
361 2985 507 3072 dispergat
525 3005 553 3050 et
570 2995 718 3066 disperdat
734 2997 849 3050 unicam
868 2995 952 3048 istam
968 2994 1085 3074 Acade.

36 3087 138 3154 mium,
164 3103 253 3158 qnam
275 3087 337 3142 odit
359 3103 421 3140 non
446 3087 552 3140 frustra
577 3103 646 3160 prae
674 3087 812 3143 titanibus
839 3079 910 3138 aliis.
945 3085 1084 3137 Attamen
1151 3143 1153 3150 ,

36 3185 93 3230 toto
120 3187 257 3248 tempore
282 3175 373 3246 pestis
400 3175 473 3230 ultra
492 3179 522 3228 18
540 3177 642 3228 suraera
667 3191 762 3244 usque
785 3175 812 3228 in
833 3174 910 3228 lianc
928 3173 1005 3226 diem
1015 3191 1085 3228 xnon

36 3265 170 3331 filerunt,
195 3266 371 3336 computatis
389 3265 441 3330 iis,
465 3281 539 3336 quae
558 3263 631 3331 intra
649 3264 791 3334 oppidum
808 3265 944 3328 fucrunt,
962 3259 1082 3334 puellis,

37 3353 212 3422 infantibus,
230 3365 261 3408 et
277 3355 414 3408 omnibus
428 3355 603 3408 vnumeratis
632 3351 750 3409 Scilicet
767 3349 800 3406 in*
808 3353 978 3406 suburbano
992 3354 1086 3423 pisca.

34 3454 132 3498 torum
158 3443 287 3500 atrocius
310 3443 429 3511 saeviit,
454 3443 482 3496 in
505 3441 676 3496 suburbano
697 3441 970 3509 nostro1)nuttum
988 3443 1087 3496 adhuc

36 3535 136 3601 titirus,
155 3534 224 3588 licet
240 3533 338 3590 omnia
350 3531 389 3586 ibi
400 3533 588 3602 sepeliantur.
622 3531 717 3584 Hodie
730 3526 848 3585 Tilonis
865 3533 942 3585 Deni
957 3548 1086 3588 uxorem

35 3623 245 3694 sepelivimus,
264 3639 337 3692 quae
355 3623 421 3676 fere
436 3623 512 3674 inter
528 3619 646 3673 ltrachia
662 3637 727 3698 mea
740 3622 886 3690 expiravit
896 3621 980 3687 lteri,
998 3632 1086 3690 atque

35 3713 92 3770 hoc
111 3713 243 3784 primum
260 3713 346 3766 fuitus
372 3708 400 3764 ln
424 3711 518 3782 media
544 3709 625 3763 urbe.
660 3711 710 3763 lll'u
728 3714 766 3764 18·
776 3709 879 3764 funera
902 3711 1014 3764 circum
1037 3727 1088 3766 me

81 3927 111 4018 tl¹
123 3962 141 4008 C
151 3961 244 4014 od-z
258 3960 371 4008 atroclna
385 3961 485 4014 saeviit,
500 3961 524 4007 in
538 3961 670 4006 suburbano
679 3962 773 4008 ‘nostro
784 3963 828 4023 etc,
884 4021 888 4032 Δ
