2590 4576
217 245 298 316 att
600 341 604 350 ἱ
713 254 806 324 asan

179 394 182 402 ’
240 362 294 454 G·
313 417 342 464 et
358 409 394 466 P.
410 409 586 468 in'cltristn.
619 411 692 466 Satis
710 405 976 467 remmnova'rnm
999 406 1162 475 habemns,
1182 404 1261 460 nile

240 500 336 566 cubo,
353 518 424 572 quaa
439 503 621 570 scribamus,
640 515 668 558 et
685 503 805 558 nimium
823 503 907 558 satis.

287 611 352 673 ‚De
364 614 489 682 Turris,
505 617 563 671 nisi
575 617 676 670 audisti
684 658 693 684 ,
711 617 864 687 quomodo
878 593 1031 686 eritnerint
1044 613 1078 667 in
1094 609 1261 676 Germaniam,

236 715 278 756 ex
296 702 423 774 scheda,
440 721 529 776 quant
546 707 676 760 Brunoni
695 707 794 761 tradidi
815 705 867 761 nbi
895 703 1186 769 transscribendum,
1201 701 1261 754 intel

238 791 319 861 liges.
335 795 471 852 ‘nustria
487 795 549 851 fere
565 805 676 851 vastata
699 794 762 863 est,
788 795 901 850 Vienna
920 794 1066 849 miraculo
1089 791 1205 848 coelesti
1219 807 1260 844 nor

237 891 341 952 capta,
357 885 411 938 aed
428 893 525 940 tamen
543 885 804 958 irrecuperabiliter
821 886 970 941 desolata:
992 883 1088 938 vieini
1104 883 1169 954 pagi
1182 897 1260 944 onnes

238 973 354 1038 ermen,
379 973 443 1044 plus
469 989 558 1045 quam
574 976 796 1030 centummillia
816 974 973 1030 hominum
998 973 1107 1028 occisa
1123 971 1172 1026 vel
1190 979 1258 1041 canta
1292 1025 1293 1032 ,

238 1059 323 1116 Ident
341 1063 412 1119 feeit
428 1063 457 1118 in
469 1061 623 1133 Hungaria.
657 1063 814 1120 Germania
830 1065 916 1136 plena
933 1073 978 1120 est
995 1062 1210 1134 proditoribus,
1222 1061 1258 1130 qni

204 1146 207 1152 ’
235 1149 357 1208 Turcae
375 1153 480 1208 favent.
514 1153 565 1214 nd,
583 1153 657 1208 haee
683 1155 757 1226 mala
781 1153 913 1221 aceedit,
937 1153 1016 1225 quod
1034 1152 1162 1206 Carolus
1178 1151 1260 1204 Caesar

175 1251 177 1264 ’
237 1241 333 1296 multo
350 1243 477 1298 atrooiua
493 1243 620 1298 minatur
635 1253 663 1298 et
679 1244 791 1297 saevire
809 1243 908 1298 statuit
923 1243 953 1296 in
970 1258 1041 1310 noa,
1064 1258 1159 1314 quam
1175 1241 1259 1294 Turta

238 1329 286 1388 sic
309 1341 465 1406 utrumque
482 1332 637 1388 Caesarem
661 1333 831 1388 orientalem
856 1341 886 1412 et
906 1317 1123 1387 occidentalem
1142 1329 1258 1384 habenas

236 1420 368 1478 hostem.
592 1418 597 1423 ’

303 1533 350 1589 Sic
367 1535 532 1590 vindicatur
548 1535 698 1606 Evangelii
715 1547 881 1592 contemtus
900 1546 929 1590 et
947 1535 1056 1590 odium.
1093 1534 1189 1605 Spero
1202 1535 1258 1589 illan

237 1623 315 1678 diem
332 1625 453 1693 adesse,
471 1629 520 1698 qui
533 1627 619 1680 linem
636 1629 721 1681 faciet
736 1627 872 1682 omnibus
890 1625 1036 1697 superbie.
1073 1626 1150 1680 Ideo
1163 1625 1257 1678 sicar.

235 1714 302 1768 vire
318 1715 475 1770 daemones
493 1717 573 1769 velut
590 1717 749 1772 novissima
770 1715 844 1786 hora
867 1714 1003 1770 arbitror.
1035 1714 1123 1770 Haec
1149 1726 1193 1770 est
1205 1715 1256 1769 lton

203 1821 211 1832 ·
237 1803 407 1858 infirmantis
425 1815 452 1860 et
469 1806 645 1874 agonisantis
664 1807 784 1862 Christi.

286 1891 348 1971 ⁸Tu
367 1933 436 1972 cura
453 1920 527 1992 apud
545 1919 710 1976 Ecclesiam
729 1931 874 1990 vestram,
897 1931 932 1976 ut
948 1921 1105 1992 diligenter
1123 1929 1153 1975 et
1169 1922 1257 1974 senen.
1293 1963 1294 1968 ,

146 2023 161 2036 ‘
235 2013 282 2061 ter
304 2007 395 2062 oretis
413 2027 468 2082 pro
487 2009 541 2064 fide
559 2009 706 2080 omnium,
724 1999 843 2083 reisqui
866 2011 1062 2083 captivitatem
1089 2012 1140 2066 vel
1156 2023 1260 2066 morter

236 2097 314 2168 passi
331 2099 393 2152 sive
411 2101 524 2171 passuri
541 2113 628 2168 sunt,
650 2113 681 2155 ut
698 2101 833 2158 Christus
850 2103 1010 2158 roboretur
1028 2102 1056 2155 in
1075 2101 1201 2157 omnibus
1214 2117 1259 2154 no.

235 2186 299 2256 bis,
318 2189 413 2243 donec
431 2201 561 2260 resurgat
578 2191 607 2246 in
626 2192 730 2246 virtute
748 2202 778 2248 et
793 2192 900 2262 gloria,
919 2195 1026 2246 Amen.

302 2301 404 2358 Turoa'
426 2303 453 2358 in
470 2304 616 2374 Hungaria
631 2321 692 2360 non
708 2303 794 2374 longe
816 2321 831 2360 a
848 2303 959 2361 Vienna
975 2305 1083 2360 dieitur
1099 2307 1216 2370 residere
1232 2301 1261 2372 ιβ

236 2409 362 2448 vernum
384 2403 498 2465 tempus
522 2394 678 2448 rediturus.
712 2393 751 2449 Et
774 2395 930 2450 Caesarem
954 2395 1095 2450 Carolum
1114 2395 1263 2465 Jactantin

237 2483 426 2540 Germaniam
442 2467 613 2539 venturum':
640 2483 692 2538 sed
708 2481 789 2538 huno
805 2501 894 2539 nemo
911 2485 1004 2541 timet.
1038 2483 1067 2540 Si
1086 2477 1163 2540 enim
1177 2485 1201 2538 ri
1220 2485 1263 2536 ali.

236 2573 307 2644 quid
332 2575 558 2645 praesumserit,
582 2573 747 2646 periculum
770 2585 831 2643 est,
859 2585 892 2628 ut
913 2591 946 2630 se
971 2585 1001 2630 et
1023 2575 1178 2630 universos
1197 2589 1262 2629 snos

217 2664 405 2717 *sacerdotes
423 2663 553 2720 maditus
572 2665 682 2734 perdat.
715 2665 786 2718 Sunt
811 2665 889 2742 enim
905 2665 1029 2720 consilia
1052 2675 1082 2720 et
1106 2666 1203 2720 auxilia
1221 2683 1261 2736 pa

232 2763 312 2821 rata,
336 2753 390 2808 niti
405 2753 491 2808 Deus
507 2755 692 2820 adversetur,
716 2754 786 2809 satis
803 2755 897 2809 valida
920 2755 949 2814 io
966 2756 1126 2826 perniciem
1146 2758 1262 2810 omnium

234 2843 429 2912 collegiorum
454 2852 484 2896 et
500 2843 762 2911 monasteriorum,
787 2844 867 2914 quod
888 2845 1004 2899 nonsit
1026 2845 1067 2914 eis
1090 2855 1181 2900 tutum
1200 2862 1265 2898 con.

234 2943 323 2989 terma
345 2949 418 3005 pace
444 2943 471 2987 et
495 2933 630 3004 patientia
651 2944 821 2987 nostrornm
843 2933 950 3004 aliquid
973 2937 1103 3001 tentare,
1124 2935 1176 2989 nisi
1200 2933 1266 3005 qnid

234 3027 344 3081 litorum
362 3025 496 3079 fortassis
513 3041 565 3079 eos
581 3036 682 3094 urget,
699 3040 730 3078 ut
747 3025 851 3078 horam
869 3039 953 3078 suam
969 3025 1024 3080 sibi
1041 3027 1212 3090 accelerent.

219 3129 223 3154 ¹
268 3167 273 3191 ,ν
297 3139 418 3196 Domus
442 3155 507 3201 mea
532 3137 602 3192 satis
626 3137 701 3192 bene
726 3137 825 3212 habet.
867 3137 932 3206 Ego
957 3149 1051 3192 autem
1076 3147 1213 3211 peccator
1239 3153 1264 3192 et

233 3228 400 3300 subjeetum
419 3237 448 3284 et
465 3229 615 3298 objectum
627 3243 692 3282 snm
711 3228 886 3282 daemonum
903 3228 965 3292 aine
984 3229 1039 3284 fine
1050 3229 1119 3284 mihi
1131 3230 1265 3284 insidiam

232 3322 305 3376 tium
323 3334 351 3374 et
369 3319 558 3373 illudentium.
572 3309 728 3371 ¹,Christus
740 3334 788 3384 me
806 3329 904 3372 servet
921 3329 950 3372 et
966 3319 1082 3388 liberet,
1100 3319 1219 3390 itquoct
1238 3333 1266 3373 tu

231 3412 365 3466 oratione
382 3409 464 3464 *fideli
482 3408 599 3479 juvabis
622 3407 787 3477 imp‘etrare.
822 3407 928 3462 Gratia
950 3409 1007 3464 Dei
1022 3423 1133 3477 tecum,
1157 3411 1265 3463 Arnen.

231 3502 327 3557 Saluta
339 3491 451 3554 Hevatn
468 3508 544 3552 tuam
563 3498 679 3550 nomine
697 3514 765 3552 meo
782 3506 812 3551 el
823 3497 937 3553 Kethae
951 3515 1041 3554 meae.
1076 3499 1168 3569 Vigilia
1183 3500 1266 3554 Man.

230 3592 298 3660 tini,
316 3607 391 3644 anno
409 3587 516 3646 Christi
534 3587 716 3659 MDxxlx.

828 3725 831 3737 ι
892 3693 933 3751 Τ.
950 3695 1093 3760 Martinus
1107 3693 1239 3754 Luther.
