2650 4586
525 270 618 341 tut.
947 333 953 344 ι
1032 261 1093 339 ns

36 492 37 504 χ
59 386 192 488 Gratiam
209 441 240 498 et
256 429 407 505 pacem'in
424 427 579 491 Domino,
603 431 730 490 Penuria
746 411 888 492 tabellarii
907 431 976 490 istae
994 427 1093 488 liter'ne

59 523 130 593 apud
139 539 189 578 me
207 523 401 594 delituerunt,
423 523 464 578 mi
485 523 636 594 Philippe,
661 523 755 580 donec
772 541 825 594 per
842 524 921 578 hunc
938 523 980 577 D.
999 521 1103 581 Geor.-

59 605 129 683 gium
145 613 179 668 ad
196 622 224 666 te
241 615 396 668 ferrentur.
431 613 524 686 Quod
540 613 659 669 cholica
676 624 704 670 te
717 613 894 680 discruciat,
912 613 1010 682 doleo,
1028 629 1097 666 oro,

5 769 6 772 Ἴ
58 706 111 774 q'ue
127 691 279 758 Christum
297 713 440 776 quantum
457 719 600 774 possum,
624 716 656 760 ut
678 713 706 758 te
733 716 814 760 satiet
831 713 860 759 et
876 702 1097 771 servebNam

58 804 85 848 te
101 794 288 874 superstitem
304 784 376 848 mihi
394 791 586 864 valde'cupio
605 789 635 848 in
651 793 736 850 tantis
755 791 1024 864 perturbationibus
1037 792 1099 848 Ec.

60 882 175 950 clesiae,
193 892 225 938 ut
243 883 301 938 sint
316 883 457 938 adversus
476 881 596 940 Satanae
614 884 730 942 furores
748 882 971 938 inaestimabiles
987 883 1100 953 aliquot
1115 925 1120 939 .

59 971 174 1044 reliqui,
199 972 249 1044 qui
267 989 299 1027 se
300 990 372 1050 pro
390 973 480 1028 domo
502 972 595 1040 Israel
618 987 724 1028 muros
744 982 894 1044 opponant
917 973 952 1028 in*
969 973 1030 1026 huc
1053 972 1100 1028 die

59 1061 158 1116 narone
177 1061 319 1128 Domini,
346 1062 487 1118 visitantis
504 1067 638 1122 nostram
661 1057 754 1127 (sicut
770 1062 895 1130 dignum
906 1061 992 1126 est)
986 1061 1100 1129 ingrati.

59 1152 195 1206 tudinem.
229 1151 257 1206 Ο
276 1151 410 1220 Christe,
426 1167 571 1222 quaenam
588 1161 674 1206 erunt
690 1160 824 1250 tempora
841 1152 955 1218 futura,
973 1165 1101 1256 quonum

62 1250 112 1296 tntu
128 1249 199 1298 sunt
215 1241 365 1307 horrenda
382 1241 579 1328 principia?
848 1259 852 1290 ι

116 1347 318 1403 Cerolstadius
335 1365 351 1402 a
368 1363 442 1404 suo
440 1349 539 1404 loco
526 1363 588 1418 Jatn
607 1343 719 1422 aliquot
734 1347 934 1404 hebdomadas
949 1347 1049 1412 abest,
1065 1345 1102 1402 ad

60 1432 124 1494 suos
140 1439 294 1510 profectus
312 1448 341 1492 et
357 1437 458 1494 nidum
475 1438 537 1494 sibt
547 1447 691 1509 quaerere
707 1439 852 1494 creditur.
878 1437 968 1492 vadat
980 1453 1048 1492 sanc
1066 1436 1104 1494 ad*

59 1527 151 1584 locum
168 1544 275 1594 strum,
293 1527 409 1612 quando
427 1528 518 1582 nullis
533 1527 637 1584 officiis
654 1521 789 1582 revocari
806 1535 915 1611 potest.

117 1632 229 1686 Scribis
243 1623 271 1686 t'e
283 1633 417 1702 flagellari
430 1650 445 1688 a
459 1635 606 1704 quodam,
616 1629 644 1700 ¹⁸)
657 1635 736 1706 quod
748 1633 959 1706 poenitentiam
970 1647 984 1685 a
996 1593 1102 1686 tunore

58 1721 203 1778 Domini
195 1723 285 1794 incipi
304 1723 470 1778 docueris
463 1741 492 1778 ιιι
518 1723 683 1779 visitatione
707 1734 815 1779 vestra.
850 1723 975 1795 Scripsit
998 1721 1103 1778 similis

59 1806 116 1866 iere
127 1813 277 1882 Magister
289 1813 438 1868 Eislebius
447 1854 456 1890 ,
476 1814 529 1868 sed
547 1829 602 1884 ego
618 1827 746 1886 pugnam
759 1815 848 1882 ‚istam
864 1814 1024 1869 verborum
1042 1829 1102 1868 non

58 1904 149 1973 magni
177 1913 267 1974 putu,
290 1905 465 1974 praesertim
482 1903 558 1974 apud
574 1905 705 1974 vulgum.
741 1903 821 1959 Nam
838 1905 927 1960 timor
944 1919 1057 1984 poenae
1074 1906 1103 1958 et

60 1993 141 2048 timor
157 1993 220 2048 Dei
237 2009 325 2062 quam
349 1993 504 2060 differant,
528 1993 642 2048 facilius
669 1993 777 2048 dicitur
801 1992 918 2064 syllabis
944 2001 984 2046 ct
995 1981 1103 2060 literis,
1131 2027 1133 2034 ι

59 2099 143 2152 quam
160 2099 194 2137 re
216 2091 245 2137 et
262 2083 365 2136 affectu
382 2083 585 2176 cognoscitur.
620 2083 761 2153 Timeant
777 2099 905 2154 poenam
919 2091 947 2136 et
959 2082 1104 2136 infernum

61 2188 159 2229 omnes
178 2173 274 2245 impii:
300 2173 387 2228 Deus
405 2160 498 2227 a'derit
514 2173 592 2240 suis',
617 2182 650 2226 ut
666 2171 751 2226 simul
776 2171 897 2226 timeant
912 2171 1015 2226 Deum
1033 2187 1103 2226 cum

61 2277 167 2332 poena„
195 2263 306 2340 Neque
321 2261 384 2332 lieri
400 2271 517 2334 potest,
542 2270 575 2315 ut
600 2260 666 2314 sine
689 2260 796 2314 timore
821 2275 932 2331 poenae
956 2260 1103 2315 sistimur

62 2351 115 2406 Dei
130 2353 160 2408 in
178 2353 236 2406 hac
252 2351 328 2420 vita,
359 2353 437 2406 sicut
453 2369 510 2404 nec
528 2350 651 2421 spiritus
668 2349 731 2404 sinc
749 2365 854 2414 carne,
880 2349 995 2402 etiarnsi
1012 2351 1109 2407 timorl

59 2456 162 2511 poenae
181 2443 221 2496 sit
239 2441 346 2495 inutilis
363 2441 426 2496 sine
441 2439 551 2493 timore
566 2438 634 2492 Dei.
662 2437 772 2492 Dando
786 2437 871 2508 igitur
882 2437 1020 2492 timorem
1031 2439 1104 2504 Dei,

57 2532 139 2586 credo
157 2531 187 2586 id
196 2530 267 2602 'ag1,
286 2531 365 2601 quod
383 2529 476 2597 agitur
491 2529 628 2584 docendo
645 2525 813 2582 libertatem
829 2525 963 2598 spiritus,
981 2527 1119 2598 uthnuc¹

55 2619 95 2674 alii
110 2622 141 2676 in
158 2621 348 2676 securitatem
366 2611 479 2686 carnis,
506 2618 543 2671 ita
566 2617 647 2671 illurn
671 2616 718 2670 elii
742 2617 771 2671 in
795 2617 1030 2688 desperationem
1047 2633 1101 2678 seu

53 2710 187 2785 timorem
207 2711 456 2784 poenae-rapiant.
491 2706 659 2784 Quis'vero
677 2707 731 2760 illis
749 2707 887 2764 resistet?

109 2816 315 2872 Exauditnos
334 2815 543 2883 Christus,',et
568 2823 684 2884 pestem
706 2799 841 2870 nostram
857 2813 970 2894 mitigat
987 2815 1101 2870 miseri.
1130 2865 1135 2876 ,
1226 2833 1231 2850 ι

51 2895 178 2964 corditer
195 2907 277 2964 satis.
309 2903 459 2962 Dabimus
475 2921 612 2976 operam,
636 2904 661 2960 si
684 2902 812 2959 visitatio
830 2915 927 2960 vestra
943 2901 1030 2960 nobis
1046 2911 1100 2961 ex·
1172 2957 1177 2968 ,

53 2985 181 3054 audenda
192 2997 347 3066 mittetur,
364 3006 415 3061 ut,
432 3011 506 3068 quae
521 3011 647 3062 mones,
664 2993 815 3062 facidmus
833 2995 856 3060 ¹)
936 3057 939 3062 ¹

110 3101 174 3162 Or'a
190 3121 247 3176 pro
264 3120 313 3158 me
326 3117 439 3159 misero
452 3111 481 3158 ct
492 3101 610 3170 abjecto
623 3116 742 3167 venne
759 3098 892 3154 tristitiae
905 3099 1010 3169 spiritu
1021 3098 1098 3156 bene
1167 3167 1168 3170 Ἴ
1215 3113 1221 3126 ·

49 3203 174 3262 vexato,
197 3210 252 3264 pro
277 3191 355 3246 bona
378 3190 529 3244 voluntate
553 3187 649 3248 Patris
673 3177 959 3252 misericordiarum,
986 3189 1046 3248 cui
1060 3190 1100 3247 sit

48 3282 135 3350 gloria
155 3279 243 3338 etiam
260 3281 288 3336 in
306 3297 372 3334 mea
388 3280 517 3334 miseria.
551 3277 656 3334 Gloria
671 3293 739 3356 mea
756 3286 801 3332 est
820 3278 895 3332 haec
918 3291 992 3346 una,
1018 3267 1099 3351 quod

47 3373 172 3427 verbum
182 3371 247 3426 Dei
257 3387 329 3440 pure
344 3369 464 3436 tradidi,
482 3382 538 3422 nec
555 3366 713 3420 adulteravi
730 3365 790 3421 ullo
807 3368 904 3422 studio
922 3367 1031 3437 gloriae
1050 3375 1115 3446 aut]

47 3462 222 3534 opulentiae.
257 3461 369 3535 Spero,
397 3459 477 3530 quod
506 3457 557 3529 qui
581 3456 703 3526 incepit,
730 3455 918 3512 miserebitur
940 3458 1100 3526 induem,
1139 3467 1142 3483 ’

47 3569 113 3618 euru
137 3553 215 3606 aliud
238 3567 300 3605 non
324 3563 464 3622 quaeram
488 3557 535 3602 aut
558 3543 670 3614 sitiam,
699 3559 788 3617 quam
804 3545 963 3625 propitium
979 3547 1098 3615 Drnm,
1138 3624 1145 3634 ι
1177 3591 1181 3596 .
1215 3597 1223 3606 ,

54 3659 577 3694 —--··-,···-·-----·,··⁶···-··-·············'·‘·'''o
746 3681 750 3688 ,
771 3673 775 3684 .

70 3727 112 3782 υ
125 3727 182 3777 tout
189 3735 292 3780 nanu
269 3722 397 3776 Ctltrinun
407 3723 494 3770 sultis
505 3721 654 3780 tedageltart
666 3723 873 3776 bttbttbttttbtt
866 3733 902 3771 ιιιι
912 3723 997 3772 autern
1007 3721 1097 3776 britte.
1113 3716 1116 3722 '
1165 3719 1172 3724 “

46 3824 280 3841 m·

94 3881 192 3932 'nubs
205 3879 330 3932 ttarttnlti
343 3828 438 3927 tuisse
450 3877 490 3926 sit
505 3875 667 3929 ιιιιιιιιιιιιιιι
680 3884 704 3921 ιι
717 3874 771 3930 ntur
779 3880 827 3924 ιιι
837 3875 874 3921 tet
884 3871 950 3926 ἱιιιιι
960 3869 1015 3934 tunt
1023 3873 1103 3971 usian

49 3952 88 3999 itu
100 3955 140 4001 nb.
167 3953 225 4007 iuti.
240 3939 392 3998 Seckmduri
401 3950 420 3997 l
434 3951 452 4004 l
464 3951 550 4000 st
630 3962 636 3974 ¹
914 3984 916 3992 ,
