2754 4602
368 141 377 178 b

566 221 725 328 ma'
800 249 863 309 ἃ»
1011 219 1017 230 ’
1089 261 1128 324 n

11 403 12 406 ¹
76 423 138 473 sur.
170 415 247 472 Vera
264 423 312 472 est
328 416 427 490 itaque
444 420 542 488 fama,
558 435 608 477 me
624 435 693 474 esse
705 433 774 474 cum
787 414 941 472 Calliarina
958 412 1057 472 subito
1075 429 1140 470 co.·

77 510 226 581 pulsuum,
244 518 402 579 antequam
414 527 467 563 ora
479 527 603 582 cogerer
617 511 716 564 audire
728 510 907 564 tumultuosa
926 511 952 562 in
966 526 1031 574 me,
1049 509 1127 562 sicut

10 621 11 630 ¹
77 599 156 654 solet
173 599 247 652 lieri.
282 602 377 670 Spero
395 599 473 654 enim
487 616 536 654 me
552 599 645 654 breve
661 610 779 670 tempus
797 599 891 654 adhuc
909 601 1074 665 victurum,
1089 605 1126 668 ¹et

75 689 138 744 hoc
154 688 354 744 novissimum
372 689 551 760 obsequium
559 690 675 761 'parenti
687 706 757 744 meo
772 690 932 760 postulanti
942 689 1126 770 nolui'dene.

75 795 144 849 gare
161 773 224 850 spe'
239 779 351 850 prolis,
375 777 463 834 simul
488 789 520 833 ut
543 779 719 834 confirmem
739 781 815 836 laeto
839 795 914 850 quae
937 779 1042 847 docui,
1065 789 1126 834 tam

75 869 322 924 mtdtosinvenio
339 869 539 940 pusillanimes
557 869 585 924 in
602 862 766 924 tanta'luce
782 868 944 938 Evangelii.
977 869 1025 925 Sic
1037 869 1124 924 Deus
1149 851 1157 864 ’

75 959 171 1016 voluit
187 967 217 1014 et
232 959 314 1014 fecit.
346 958 414 1027 Ego
432 959 511 1012 enim
521 973 579 1014 nec
596 975 663 1014 amo
673 976 731 1014 uec
747 969 864 1028 aestuo,
876 960 935 1028 „aed
945 959 1033 1029 diligo
1047 975 1125 1014 uxo.
1168 986 1172 998 ·

75 1065 147 1105 rem.
180 1049 274 1106 Dabo
291 1051 390 1122 itaque
403 1050 538 1120 proxima
554 1050 625 1104 feria
641 1050 726 1108 tertia
743 1052 862 1122 epulum
878 1051 908 1105 in
924 1051 1126 1106 testimonium
1220 1100 1226 1114 ,

79 1140 206 1210 conjugii
218 1141 299 1207 mei,
315 1139 368 1194 ubi
385 1141 509 1196 adenmt
518 1149 665 1212 parentes.
698 1139 745 1194 Te
762 1141 858 1212 itaque
869 1139 972 1194 adesse
985 1139 1123 1198 omuibus

14 1233 17 1244 ’
77 1230 171 1285 modis
183 1229 283 1297 volui,
299 1247 408 1300 quare,
424 1241 456 1284 ut
468 1247 575 1300 vocare
587 1229 746 1318 constitui,
762 1229 801 1286 ita
812 1247 893 1286 nunc
903 1245 984 1286 voco
995 1239 1024 1290 et
1035 1247 1122 1300 rogo,
1174 1223 1181 1240 ⁸

11 1321 12 1326 ’
76 1335 115 1373 ne
133 1319 227 1387 desis,
245 1320 272 1374 si
289 1319 351 1373 ullo
368 1319 459 1374 modo
476 1328 572 1392 potes.

139 1409 228 1464 Fama
245 1409 283 1462 de
300 1407 444 1462 Electore
461 1408 531 1470 falsa
549 1417 612 1477 est,
629 1409 682 1464 sed
695 1408 936 1479 Menningensis,
952 1410 1124 1468 Mellersta.

77 1499 165 1552 tensis
176 1531 196 1564 ,-
210 1494 439 1565 Neustatensis,
464 1497 689 1576 Marstatensis,
716 1516 784 1553 cum
805 1501 868 1556 aliis
886 1500 988 1556 decem
1005 1489 1120 1572 oppidis
1185 1563 1189 1570 ,

76 1589 219 1651 dederunt
234 1603 271 1642 se
289 1587 454 1656 ingratiam
470 1585 638 1654 Electoris,
656 1588 741 1659 isque
759 1588 797 1642 ibi
815 1589 889 1658 agit,
906 1599 940 1644 ut
956 1587 1051 1644 omnia
1069 1607 1120 1662 pa.

77 1675 159 1732 cilice
176 1686 406 1746 componantur.
439 1677 526 1732 Certa
542 1692 590 1752 res
608 1685 654 1732 est
671 1677 700 1731 in
716 1677 878 1734 Franeonia
894 1693 979 1733 caesa
996 1695 1061 1734 esse
1079 1681 1121 1736 xl

75 1768 163 1822 millia
175 1760 360 1822 rusticorum
377 1767 406 1820 in
422 1765 516 1846 tribus
533 1767 609 1822 locis
623 1767 732 1834 divisa,
748 1777 848 1840 captae
860 1768 930 1824 LXI
942 1767 1120 1824 bombardae

9 1875 10 1924 ;
76 1859 184 1926 bonae,
203 1872 260 1912 arx
277 1855 551 1932 Wirtenbergpnsis
571 1857 700 1912 liberata.
734 1857 892 1916 casimirus
909 1857 1053 1919 Marchio
1070 1877 1122 1916 ve.

76 1946 230 2004 hementer
253 1948 347 2002 saevit
370 1947 399 2001 in
411 1935 486 2002 suo's
496 1988 505 2015 ,
528 1945 570 2000 ob
585 1947 673 2002 iidem
690 1947 736 2004 bis
757 1949 905 2005 violatam.
938 1951 972 2004 lu
989 1951 1121 2006 Witten.

75 2037 211 2106 bergensi
236 2037 344 2092 ducatu
360 2037 401 2090 Vl
417 2036 506 2092 millia
522 2051 608 2090 caesa
628 2045 712 2103 suut,
735 2039 802 2096 alibi
823 2039 851 2094 iu
869 2039 973 2096 Suevia
989 2039 1018 2095 X
1032 2040 1122 2098 millia

79 2127 200 2182 diversis
212 2127 306 2201 locis:
325 2126 434 2194 fertur,
448 2125 572 2180 Ducem
582 2125 789 2196 Lotharingiae
801 2127 831 2182 in
842 2128 951 2184 Alsatia
962 2129 1018 2184 XX
1031 2130 1122 2184 millia
1198 2159 1200 2164 ·

82 2217 230 2272 cecidisse.
265 2217 313 2272 Sic
338 2216 445 2287 ubique
474 2215 636 2270 caeduntur
651 2215 753 2270 miseri
776 2217 887 2272 rustici.
919 2216 989 2272 alam
1006 2199 1121 2276 Baben.
1147 2267 1151 2274 .

8 2319 9 2376 g
82 2307 235 2377 bergenses
247 2307 320 2377 quid
332 2306 487 2378 patiantur,
505 2307 691 2376 expectatur.'
717 2303 918 2360 Nihilominus
928 2306 957 2360 in
968 2307 1122 2377 Brisgavia

82 2399 176 2451 adhuc
191 2409 314 2472 pergunt
331 2395 519 2452 seditionibus
544 2405 574 2450 et
596 2395 625 2448 in
642 2393 784 2452 comitatu
800 2393 929 2462 Tirolis‚
952 2405 985 2450 ut
1001 2395 1038 2450 ab
1055 2395 1120 2452 Ins.

8 2495 9 2562 l
78 2489 170 2560 prucis
188 2505 284 2560 usque
302 2489 338 2542 ad
348 2487 524 2566 Tridentum
541 2485 639 2540 omnia
656 2484 686 2538 in
704 2494 786 2540 motu
803 2485 864 2542 sint
879 2485 982 2554 fugatis
994 2485 1120 2560 Episco-

31 2610 35 2622 ·
76 2581 117 2652 pis
134 2577 289 2650 Brixiensi
316 2588 345 2633 et
367 2577 551 2632 Tridentino.
582 2575 659 2630 Dux
683 2561 829 2656 Georgius
856 2575 974 2632 comitia
997 2577 1121 2632 habebit

8 2659 9 2682 *
75 2666 213 2740 proxima
230 2668 300 2721 terta
317 2671 342 2722 2.
360 2665 389 2720 in
408 2666 527 2723 Dessau
545 2679 614 2726 cum
630 2653 809 2718 Mai-chione
832 2672 861 2724 el
875 2663 1030 2738 Episcopo
1047 2664 1119 2722 Mo.

8 2797 10 2810 .
76 2758 208 2826 guatino.
241 2756 360 2810 Rumor
381 2765 441 2824 est,
465 2754 545 2826 quod
561 2767 609 2805 me
630 2752 668 2805 sit
681 2751 874 2821 Witenberga
890 2753 1053 2824 petiturus,
1076 2757 1119 2810 in.
1140 2753 1143 2762 “

76 2853 156 2903 datus
175 2847 336 2903 successu:
362 2845 453 2899 credit
468 2859 517 2896 me
534 2841 658 2906 similem
674 2857 741 2896 esse
758 2841 905 2898 Munzero
918 2843 957 2897 -in
975 2844 1118 2901 doctrina.

74 2939 212 2994 ‘Christus
237 2948 336 2989 autem
353 2933 431 2988 dabit
453 2932 583 3003 gratiam.
616 2931 678 2985 Vos
694 2929 809 2998 videte,
831 2947 868 2986 ne
886 2931 1119 3003 Magdeburgam

8 3045 9 3074 r
76 3037 161 3100 petat.
205 3025 278 3080 Vale
303 3033 333 3078 et
354 3041 408 3095 pro
431 3037 479 3090 me
504 3039 565 3080 ora.
582 3039 585 3052 ·
603 3020 687 3076 Feria
707 3015 733 3076 li.
757 3030 827 3094 post
852 3021 967 3094 Corpus
989 3021 1117 3094 Christi,
1221 3037 1226 3056 “
1267 3082 1269 3092 ,

8 3081 9 3102 ¹
76 3136 150 3175 anno
166 3113 334 3173 MDxxv.
392 3145 396 3150 -
417 3155 420 3164 ,

57 3405 393 3532 “εε.,ὓαιιῑισ.’·
487 3413 490 3421 ’
728 3439 1084 3532 „muccxxtu

459 3575 737 3656 litteratoria.

298 3693 455 3774 tsirtrrtaitr
468 3718 665 3773 utilissimarum
678 3684 891 3778 institutionem.

530 3838 670 3853 m

15 3915 18 3922 '
77 3932 359 4008 susurremus.
383 3929 615 4007 satcenses&
630 3928 700 4012 tiss
725 3909 1113 3984 oeuttattr'asatsxm.ssa.

246 4051 254 4086 i
