2650 4586
510 259 603 354 ¹52⁷*
1016 259 1105 362 ips.»¹

703 326 709 352 i

52 414 127 470 sirnnl
141 415 197 477 hoc
215 417 290 488 ipso,
299 429 453 479 momento
469 419 556 478 filiola
570 423 769 480 nuntiatorem
778 441 844 480 mea
855 424 969 490 Ketha,
987 423 1080 491 gloria

52 514 78 558 et
92 506 146 560 laus
159 507 235 562 Patri
253 509 283 576 iu
300 511 411 574 coeiis,
428 514 534 568 Amen.
569 515 659 579 Sena,
675 515 728 568 sed
741 520 825 584 aegra
838 531 990 585 puerpera.
1011 503 1081 565 'Sed

54 606 77 647 et
92 593 185 650 sriiolus
197 599 331 656 Joannes
349 601 449 654 salvus
468 611 498 656 et
514 604 616 658 laetus
627 613 686 671 est,
705 604 944 673 uxorAugustini
960 615 1082 673 quoque

52 685 132 752 vaiet,
149 686 272 757 denique
285 688 651 758 Margaretha'Mochinna
666 703 792 746 mortem
810 694 958 764 insperato
977 691 1082 746 erosit.

54 772 178 846 Quinque
195 795 304 848 porcos
322 794 377 850 pro
395 779 443 838 his
461 781 611 849 dedimus,
630 797 708 852 quos
726 783 825 837 nrnisi:
847 783 986 838 Christus
1005 781 1099 859 sola-¹.

52 863 112 917 tium
131 877 265 920 nostrum
289 869 392 932 faciat,
419 880 452 922 ut
477 871 569 940 pestis
599 884 657 926 isto
684 889 777 926 censu
801 881 936 934 contenta
962 849 1095 926 desinat(

50 950 105 1020 Ego
125 969 205 1022 sum,
234 956 284 1026 qui
312 973 380 1010 sum
404 957 569 1026 hactenus,
595 961 709 1014 scilicet
734 969 768 1014 ut
791 961 973 1032 Apostolus,
1000 960 1084 1032 quasi
1110 954 1136 994 '⁸

51 1052 171 1097 mortuus
190 1053 219 1098 et
237 1063 309 1100 ecce
327 1047 406 1100 vivo.
644 1059 647 1066 ’
864 1061 873 1076 “
1248 1063 1273 1136 ,'

102 1147 300 1205 DeiEmscro
325 1161 362 1206 et·
378 1152 675 1218 Teutlebensimilia
699 1153 786 1210 uobis
809 1171 928 1226 quoque
952 1153 1029 1208 dicta
1054 1163 1084 1210 et

53 1240 146 1311 scripta
162 1253 242 1297 sunt.
276 1244 326 1298 De
344 1243 381 1298 K.
394 1245 480 1316 ionga
492 1256 538 1300 est
549 1245 660 1312 fabula,
678 1230 810 1314 sumn'ra,
828 1257 899 1300 octo
913 1245 1084 1300 vulneribus

52 1330 182 1398 concidit,
201 1348 261 1386 uno
281 1343 393 1386 tantum
408 1333 522 1388 lethali:
540 1334 721 1388 conscientia
735 1335 842 1389 dicitur
857 1335 978 1402 agitatus
991 1333 1087 1402 negati

52 1415 162 1487 Christi,
181 1421 244 1474 hoo
261 1434 324 1488 est,
341 1422 496 1494 utriusque
515 1423 625 1493 speciei
641 1423 854 1492 porrigendae,
873 1424 919 1476 alii
936 1423 1044 1478 addunt
1057 1431 1088 1478 et

52 1509 150 1588 consilii
166 1510 225 1564 dati
243 1511 278 1564 ad
297 1510 419 1580 Georgii
436 1511 584 1566 Hallensis
603 1513 666 1566 sive
684 1529 790 1569 necem
808 1513 869 1566 sive
890 1514 1015 1584 pulsam.
1052 1511 1089 1566 In

52 1597 174 1651 cubiculo
194 1615 250 1652 suo
268 1601 351 1654 solus
361 1641 371 1668 ,
390 1613 419 1654 et
437 1602 511 1655 seris
526 1597 707 1670 ob'firmatis,
725 1602 848 1672 pecunia
860 1618 912 1656 sua
924 1610 1087 1669 numerata,
1105 1595 1110 1668 J

55 1697 78 1739 et
93 1688 118 1741 in
135 1704 212 1758 quos
230 1689 318 1742 veliet
335 1705 408 1744 usus
421 1689 561 1760 disposita
578 1707 612 1744 ac
630 1691 793 1761 descripta,
810 1708 896 1747 mane
914 1707 981 1744 cum
999 1707 1014 1743 a
1033 1690 1088 1744 filia

51 1789 196 1830 vocaretur
213 1777 301 1831 solito
318 1795 420 1846 more,
439 1779 588 1834 recusavit
606 1779 706 1832 venire
725 1788 760 1833 et
771 1780 940 1852 admittere,
962 1779 1088 1832 interro.

50 1875 138 1935 gatus,
165 1883 238 1920 uum
262 1867 329 1940 quid
356 1869 494 1922 deesset?
521 1869 688 1939 respondit,
714 1865 844 1936 ciltutiti.
880 1868 960 1922 Hora
977 1867 1088 1938 prandii
1159 1881 1163 1889 “

52 1955 146 2009 itemm
160 1966 308 2022 vocatus,
331 1973 391 2011 non
415 1957 593 2026 respondite
607 1957 709 2010 fractis
735 1967 833 2009 autern
855 1957 986 2024 foribus,
1014 1971 1088 2012 ecce

51 2043 162 2102 indutus¹
176 2045 276 2114 caligis
290 2055 319 2098 et
331 2045 458 2115 dipioide
468 2086 477 2112 ,
489 2047 570 2115 jacet
581 2045 611 2097 in
622 2044 757 2112 gradibus
771 2045 838 2098 lecti
852 2053 988 2098 mortuus
1002 2046 1089 2114 juxta
1130 2045 1134 2052 '

52 2133 217 2202 pugionem,
236 2135 290 2192 sed
306 2133 394 2188 nullis
412 2133 582 2188 vulneribus
601 2131 808 2203 'apparentibus
828 2141 943 2201 praeter
956 2148 1046 2186 urium
1059 2134 1087 2189 in

10 2281 11 2284 Ἰ
48 2223 154 2294 jugulo,
184 2237 293 2281 exutus
311 2237 408 2283 autem
425 2225 454 2278 in
472 2234 594 2295 pectore
613 2233 642 2276 et
658 2223 747 2276 latere
767 2223 877 2296 reliqua
895 2224 1029 2278 exhibuit
1046 2225 1088 2286 vi.

55 2311 114 2368 deri.
145 2315 225 2390 Quis
242 2315 314 2379 soit,
341 2315 366 2370 si
385 2323 551 2370 extremum
576 2311 766 2384 poenituerit,
792 2313 907 2382 quando
933 2313 977 2366 sic
1000 2329 1088 2368 sanus

52 2412 76 2456 et
90 2421 214 2478 compos
230 2404 338 2474 periit?

104 2507 229 2565 Fanros‘a
246 2505 391 2565 disse'nsio'
408 2517 509 2563 nostra
521 2505 551 2574 i')
568 2507 699 2574 Tor-gae,
717 2524 808 2579 paene
826 2508 890 2578 plus
907 2523 996 2578 quam
1013 2506 1086 2562 nihil

49 2597 110 2654 fuit:
126 2599 188 2654 hoc
207 2616 316 2668 unum,
334 2600 415 2670 quod
431 2609 463 2653 tu
481 2601 519 2652 'ex
536 2597 668 2652 Eislcbio
682 2597 837 2668 accepisti,
855 2597 1095 2669 proponebatur,

48 2703 171 2760 moxque
196 2689 486 2766 sedabatur„*atque
503 2703 564 2770 per
589 2686 687 2741 omnia
710 2683 915 2742 consensimus
942 2686 1089 2757 pulchre,

49 2778 164 2851 deniqne
188 2780 355 2834 excudetur
379 2777 551 2849 propediem
575 2785 635 2831 tota
659 2776 706 2829 itta
728 2776 864 2830 visitatio.
898 2774 1085 2844 Maximum,
1132 2794 1138 2822 n

47 2871 118 2935 quod
135 2869 282 2932 fecimus,
300 2877 378 2934 erat,
397 2867 477 2936 quod
494 2865 772 2942 sumtuPrineipem
790 2864 993 2943 oneravimus,
1011 2865 1102 2934 opti.¹

46 2943 120 3011 mum
137 2968 251 3022 autem,
267 2957 349 3027 quod
366 2957 474 3022 fectum
490 2967 557 3020 est,
575 2955 655 3026 qnod
673 2971 706 3010 en
719 2953 832 3008 dissidii
846 2953 919 3006 fama
931 2955 978 3005 vel
990 2954 1087 3022 suspi.

45 3047 87 3101 cio
104 3048 143 3102 ibi
160 3047 275 3120 sepulta
293 3058 355 3112 est,
382 3045 451 3100 Deo
476 3049 564 3112 gratia
585 3053 616 3098 et
631 3043 738 3110 gloria:
756 3042 886 3112 ¹proinde
909 3043 989 3110 quod
1012 3041 1086 3096 nihil

47 3135 75 3192 ad
91 3139 241 3209 descripsi
256 3137 295 3190 de
312 3137 365 3190 ista
383 3134 545 3203 tragoedia,
568 3133 638 3186 iecit
648 3171 657 3198 ‚
681 3131 760 3202 quod
777 3132 850 3184 adeo
867 3129 940 3185 nihil
958 3141 1038 3185 esset
1056 3140 1086 3186 et

46 3241 189 3284 contemta
204 3229 375 3282 haberetur.
896 3235 898 3244 ¹

104 3337 165 3389 Tui
184 3334 287 3388 calculi
305 3333 484 3404 tyrannidem
501 3330 613 3401 gaudeo
630 3327 800 3396 mitigatam:
825 3327 949 3396 veliem,
975 3335 1008 3380 ut
1029 3329 1085 3385 sal.

45 3435 99 3478 tem
116 3415 201 3479 sol'us
224 3424 284 3478 huc
305 3424 423 3476 venires
448 3419 588 3491 spatiandi
610 3418 715 3485 gratia,
739 3419 856 3470 visurus
879 3433 966 3488 quam
990 3421 1083 3488 pestis

46 3514 110 3567 nihii
128 3516 205 3568 facta
223 3513 277 3580 sit,
296 3511 365 3582 Deo
384 3497 484 3579 gi'oria.
518 3493 599 3562 Nnm'
615 3506 642 3558 in
658 3505 794 3576 hospitali
810 3505 897 3559 modo
910 3506 1083 3576 duoreiiqui

47 3615 126 3672 sunt,
144 3603 197 3675 qui
217 3612 245 3656 et
262 3602 316 3672 ipsi
334 3577 483 3654 rarescunt
499 3596 591 3668 bene:
608 3592 637 3648 in
655 3594 771 3648 civitate
788 3594 858 3647 nihil
877 3603 922 3647 est
937 3589 1007 3646 cum
1017 3592 1084 3646 ullis

857 3697 864 3722 Ἰ

89 3835 113 3898 'o
127 3849 310 3901 marcianus
324 3845 502 3917 initantum
511 3843 592 3898 steen
601 3842 655 3889 nora
664 3829 985 3894 tresiotatnuonanno.
999 3837 1094 3918 osec
1134 3832 1137 3840 ’
1192 3885 1209 3896 ,

46 3927 66 3968 t.
76 3923 109 3972 n.
123 3925 234 3974 october!
252 3922 296 3968 no.
310 3919 449 3967 Dccoclx.
495 3917 499 3926 '
