<?xml version="1.0" encoding="UTF-8"?>
<!DOCTYPE html PUBLIC "-//W3C//DTD XHTML 1.0 Transitional//EN"
    "http://www.w3.org/TR/xhtml1/DTD/xhtml1-transitional.dtd">
<html xmlns="http://www.w3.org/1999/xhtml" xml:lang="en" lang="en">
 <head>
  <title>
</title>
<meta http-equiv="Content-Type" content="text/html;charset=utf-8" />
  <meta name='ocr-system' content='tesseract 3.04.00' />
  <meta name='ocr-capabilities' content='ocr_page ocr_carea ocr_par ocr_line ocrx_word'/>
</head>
<body>
  <div class='ocr_page' id='page_1' title='image "./briefesendschre08luthgoog/briefesendschre08luthgoog_0316.png"; bbox 0 0 2656 4592; ppageno 0'>
   <div class='ocr_carea' id='block_1_1' title="bbox 506 276 1075 395">
    <p class='ocr_par' dir='ltr' id='par_1_1' title="bbox 506 276 1075 395">
     <span class='ocr_line' id='line_1_1' title="bbox 506 276 1075 395; baseline 0 -31"><span class='ocrx_word' id='word_1_1' title='bbox 506 296 600 367; x_wconf 22' lang='lat' dir='ltr'>[asae.</span> <span class='ocrx_word' id='word_1_2' title='bbox 684 381 686 390; x_wconf 17' lang='grc' dir='ltr'>Ι</span> <span class='ocrx_word' id='word_1_3' title='bbox 892 301 894 311; x_wconf 65' lang='grc'><em>’</em></span> <span class='ocrx_word' id='word_1_4' title='bbox 965 276 986 356; x_wconf 22' lang='grc' dir='ltr'><strong>ἰ</strong></span> <span class='ocrx_word' id='word_1_5' title='bbox 1014 292 1075 395; x_wconf 78' lang='lat' dir='ltr'>sor</span> 
     </span>
    </p>
   </div>
   <div class='ocr_carea' id='block_1_2' title="bbox 17 423 1091 536">
    <p class='ocr_par' dir='ltr' id='par_1_2' title="bbox 17 423 1091 536">
     <span class='ocr_line' id='line_1_2' title="bbox 17 423 1091 536; baseline 0.002 -28"><span class='ocrx_word' id='word_1_6' title='bbox 17 439 20 460; x_wconf 81' lang='lat'><strong>¹</strong></span> <span class='ocrx_word' id='word_1_7' title='bbox 40 452 239 522; x_wconf 69' lang='lat' dir='ltr'>responderem</span> <span class='ocrx_word' id='word_1_8' title='bbox 256 443 293 508; x_wconf 77' lang='lat' dir='ltr'>ad</span> <span class='ocrx_word' id='word_1_9' title='bbox 304 455 437 536; x_wconf 80' lang='lat' dir='ltr'>priores,</span> <span class='ocrx_word' id='word_1_10' title='bbox 454 457 535 528; x_wconf 88' lang='lat' dir='ltr'>qnod</span> <span class='ocrx_word' id='word_1_11' title='bbox 547 465 626 512; x_wconf 83' lang='lat' dir='ltr'>certe</span> <span class='ocrx_word' id='word_1_12' title='bbox 637 469 699 512; x_wconf 89' lang='lat' dir='ltr'>non</span> <span class='ocrx_word' id='word_1_13' title='bbox 716 455 890 528; x_wconf 79' lang='lat' dir='ltr'><strong>sperabam.</strong></span> <span class='ocrx_word' id='word_1_14' title='bbox 906 454 993 520; x_wconf 78' lang='lat' dir='ltr'>Nam</span> <span class='ocrx_word' id='word_1_15' title='bbox 1010 423 1091 510; x_wconf 65' lang='grc' dir='ltr'>ιιιιοι</span> 
     </span>
    </p>
   </div>
   <div class='ocr_carea' id='block_1_3' title="bbox 41 531 1139 1070">
    <p class='ocr_par' dir='ltr' id='par_1_3' title="bbox 41 531 1139 1070">
     <span class='ocr_line' id='line_1_3' title="bbox 42 531 1076 617; baseline 0.003 -20"><span class='ocrx_word' id='word_1_16' title='bbox 42 545 134 597; x_wconf 87' lang='lat' dir='ltr'>oculos</span> <span class='ocrx_word' id='word_1_17' title='bbox 151 557 329 615; x_wconf 74' lang='lat' dir='ltr'><strong>posueram,</strong></span> <span class='ocrx_word' id='word_1_18' title='bbox 356 554 387 598; x_wconf 90' lang='lat' dir='ltr'>ut</span> <span class='ocrx_word' id='word_1_19' title='bbox 412 546 507 615; x_wconf 86' lang='lat' dir='ltr'>primo</span> <span class='ocrx_word' id='word_1_20' title='bbox 532 559 655 617; x_wconf 76' lang='lat' dir='ltr'>quoque</span> <span class='ocrx_word' id='word_1_21' title='bbox 677 547 781 614; x_wconf 74' lang='lat' dir='ltr'>nuntio</span> <span class='ocrx_word' id='word_1_22' title='bbox 806 531 985 601; x_wconf 79' lang='lat' dir='ltr'>occurrente</span> <span class='ocrx_word' id='word_1_23' title='bbox 1002 561 1076 600; x_wconf 85' lang='lat' dir='ltr'>rnox</span> 
     </span>
     <span class='ocr_line' id='line_1_4' title="bbox 41 633 1101 708; baseline 0.002 -22"><span class='ocrx_word' id='word_1_24' title='bbox 41 635 252 704; x_wconf 71' lang='lat' dir='ltr'><strong>responderem</strong></span> <span class='ocrx_word' id='word_1_25' title='bbox 285 635 335 708; x_wconf 75' lang='lat' dir='ltr'>De</span> <span class='ocrx_word' id='word_1_26' title='bbox 351 633 473 690; x_wconf 87' lang='lat' dir='ltr'>Durero</span> <span class='ocrx_word' id='word_1_27' title='bbox 489 649 560 690; x_wconf 89' lang='lat' dir='ltr'>sane</span> <span class='ocrx_word' id='word_1_28' title='bbox 577 637 657 706; x_wconf 87' lang='lat' dir='ltr'>pium</span> <span class='ocrx_word' id='word_1_29' title='bbox 683 645 728 690; x_wconf 81' lang='lat' dir='ltr'>est</span> <span class='ocrx_word' id='word_1_30' title='bbox 749 637 864 708; x_wconf 87' lang='lat' dir='ltr'>optimo</span> <span class='ocrx_word' id='word_1_31' title='bbox 882 639 947 690; x_wconf 88' lang='lat' dir='ltr'>viro</span> <span class='ocrx_word' id='word_1_32' title='bbox 965 635 1101 693; x_wconf 87' lang='lat' dir='ltr'>condo.</span> 
     </span>
     <span class='ocr_line' id='line_1_5' title="bbox 41 713 1139 799; baseline 0.004 -21"><span class='ocrx_word' id='word_1_33' title='bbox 41 727 108 782; x_wconf 80' lang='lat' dir='ltr'>lete:</span> <span class='ocrx_word' id='word_1_34' title='bbox 127 736 211 782; x_wconf 87' lang='lat' dir='ltr'>tuum</span> <span class='ocrx_word' id='word_1_35' title='bbox 228 743 301 780; x_wconf 89' lang='lat' dir='ltr'>vero</span> <span class='ocrx_word' id='word_1_36' title='bbox 328 736 374 782; x_wconf 87' lang='lat' dir='ltr'>est</span> <span class='ocrx_word' id='word_1_37' title='bbox 390 727 546 795; x_wconf 76' lang='lat' dir='ltr'>gratulari,</span> <span class='ocrx_word' id='word_1_38' title='bbox 568 739 601 782; x_wconf 91' lang='lat' dir='ltr'>ut</span> <span class='ocrx_word' id='word_1_39' title='bbox 619 745 708 799; x_wconf 89' lang='lat' dir='ltr'>quem</span> <span class='ocrx_word' id='word_1_40' title='bbox 726 729 864 783; x_wconf 85' lang='lat' dir='ltr'>Christus</span> <span class='ocrx_word' id='word_1_41' title='bbox 887 737 947 782; x_wconf 88' lang='lat' dir='ltr'>tam</span> <span class='ocrx_word' id='word_1_42' title='bbox 971 729 1079 782; x_wconf 77' lang='lat' dir='ltr'>instru-</span> <span class='ocrx_word' id='word_1_43' title='bbox 1130 713 1139 740; x_wconf 72' lang='lat'>&#39;&#39;</span> 
     </span>
     <span class='ocr_line' id='line_1_6' title="bbox 42 811 1127 890; baseline 0.004 -22"><span class='ocrx_word' id='word_1_44' title='bbox 42 828 112 870; x_wconf 85' lang='lat' dir='ltr'>ctum</span> <span class='ocrx_word' id='word_1_45' title='bbox 128 828 155 873; x_wconf 91' lang='lat' dir='ltr'>et</span> <span class='ocrx_word' id='word_1_46' title='bbox 170 815 331 874; x_wconf 74' lang='lat' dir='ltr'>bestoliae</span> <span class='ocrx_word' id='word_1_47' title='bbox 349 817 415 871; x_wconf 87' lang='lat' dir='ltr'>tulit</span> <span class='ocrx_word' id='word_1_48' title='bbox 438 832 477 872; x_wconf 83' lang='lat' dir='ltr'>ex</span> <span class='ocrx_word' id='word_1_49' title='bbox 494 817 541 872; x_wconf 82' lang='lat' dir='ltr'>llis</span> <span class='ocrx_word' id='word_1_50' title='bbox 557 819 742 890; x_wconf 83' lang='lat' dir='ltr'><strong>temporibus</strong></span> <span class='ocrx_word' id='word_1_51' title='bbox 763 811 1037 876; x_wconf 68' lang='lat' dir='ltr'>turbulentissimis</span> <span class='ocrx_word' id='word_1_52' title='bbox 1048 825 1079 872; x_wconf 84' lang='lat' dir='ltr'>et</span> <span class='ocrx_word' id='word_1_53' title='bbox 1125 817 1127 824; x_wconf 83' lang='lat'>&#39;</span> 
     </span>
     <span class='ocr_line' id='line_1_7' title="bbox 42 905 1079 982; baseline 0.004 -22"><span class='ocrx_word' id='word_1_54' title='bbox 42 908 109 960; x_wconf 84' lang='lat' dir='ltr'>forte</span> <span class='ocrx_word' id='word_1_55' title='bbox 133 907 230 966; x_wconf 82' lang='lat' dir='ltr'>adhuc</span> <span class='ocrx_word' id='word_1_56' title='bbox 255 905 519 962; x_wconf 86' lang='lat' dir='ltr'>turbulentioribus</span> <span class='ocrx_word' id='word_1_57' title='bbox 542 908 668 974; x_wconf 83' lang='lat' dir='ltr'>futuris,</span> <span class='ocrx_word' id='word_1_58' title='bbox 693 923 730 962; x_wconf 85' lang='lat' dir='ltr'>ne</span> <span class='ocrx_word' id='word_1_59' title='bbox 752 908 801 978; x_wconf 91' lang='lat' dir='ltr'>qui</span> <span class='ocrx_word' id='word_1_60' title='bbox 820 909 921 982; x_wconf 86' lang='lat' dir='ltr'>dignus</span> <span class='ocrx_word' id='word_1_61' title='bbox 946 909 1001 962; x_wconf 88' lang='lat' dir='ltr'>fuit</span> <span class='ocrx_word' id='word_1_62' title='bbox 1018 925 1079 964; x_wconf 89' lang='lat' dir='ltr'>non</span> 
     </span>
     <span class='ocr_line' id='line_1_8' title="bbox 41 981 1080 1070; baseline 0.005 -21"><span class='ocrx_word' id='word_1_63' title='bbox 41 997 98 1050; x_wconf 87' lang='lat' dir='ltr'>nisi</span> <span class='ocrx_word' id='word_1_64' title='bbox 111 981 222 1069; x_wconf 76' lang='lat' dir='ltr'>optima</span> <span class='ocrx_word' id='word_1_65' title='bbox 237 997 351 1066; x_wconf 88' lang='lat' dir='ltr'>videri,</span> <span class='ocrx_word' id='word_1_66' title='bbox 376 1007 533 1067; x_wconf 80' lang='lat' dir='ltr'>cogeretur</span> <span class='ocrx_word' id='word_1_67' title='bbox 550 999 678 1070; x_wconf 83' lang='lat' dir='ltr'>pessima</span> <span class='ocrx_word' id='word_1_68' title='bbox 696 999 810 1055; x_wconf 83' lang='lat' dir='ltr'>videre:</span> <span class='ocrx_word' id='word_1_69' title='bbox 837 997 972 1069; x_wconf 82' lang='lat' dir='ltr'>quiescat</span> <span class='ocrx_word' id='word_1_70' title='bbox 996 999 1080 1068; x_wconf 83' lang='lat' dir='ltr'>igilur</span> 
     </span>
    </p>
   </div>
   <div class='ocr_carea' id='block_1_4' title="bbox 5 1086 1176 2600">
    <p class='ocr_par' dir='ltr' id='par_1_4' title="bbox 42 1086 663 1158">
     <span class='ocr_line' id='line_1_9' title="bbox 42 1086 663 1158; baseline 0.002 -19"><span class='ocrx_word' id='word_1_71' title='bbox 42 1086 65 1139; x_wconf 89' lang='lat' dir='ltr'>in</span> <span class='ocrx_word' id='word_1_72' title='bbox 80 1104 149 1157; x_wconf 78' lang='lat' dir='ltr'>pace</span> <span class='ocrx_word' id='word_1_73' title='bbox 168 1103 237 1141; x_wconf 88' lang='lat' dir='ltr'>cum</span> <span class='ocrx_word' id='word_1_74' title='bbox 255 1088 316 1142; x_wconf 88' lang='lat' dir='ltr'>suis</span> <span class='ocrx_word' id='word_1_75' title='bbox 333 1087 481 1158; x_wconf 89' lang='lat' dir='ltr'>patribus,</span> <span class='ocrx_word' id='word_1_76' title='bbox 499 1089 607 1142; x_wconf 84' lang='lat' dir='ltr'>Amen.</span> <span class='ocrx_word' id='word_1_77' title='bbox 661 1123 663 1127; x_wconf 66' lang='lat'>,</span> 
     </span>
    </p>

    <p class='ocr_par' dir='ltr' id='par_1_5' title="bbox 5 1123 1176 2600">
     <span class='ocr_line' id='line_1_10' title="bbox 95 1123 1167 1250; baseline 0.002 -19"><span class='ocrx_word' id='word_1_78' title='bbox 95 1177 212 1231; x_wconf 85' lang='lat' dir='ltr'>Deinde</span> <span class='ocrx_word' id='word_1_79' title='bbox 230 1177 334 1248; x_wconf 77' lang='lat' dir='ltr'>granas</span> <span class='ocrx_word' id='word_1_80' title='bbox 352 1194 405 1246; x_wconf 82' lang='lat' dir='ltr'>ago</span> <span class='ocrx_word' id='word_1_81' title='bbox 422 1187 490 1232; x_wconf 87' lang='lat' dir='ltr'>tuae</span> <span class='ocrx_word' id='word_1_82' title='bbox 508 1176 659 1246; x_wconf 75' lang='lat' dir='ltr'>charitati</span> <span class='ocrx_word' id='word_1_83' title='bbox 685 1195 774 1250; x_wconf 89' lang='lat' dir='ltr'>quam</span> <span class='ocrx_word' id='word_1_84' title='bbox 790 1123 1081 1248; x_wconf 46' lang='lat' dir='ltr'>Queepissslis</span> <span class='ocrx_word' id='word_1_85' title='bbox 1162 1156 1167 1178; x_wconf 61' lang='lat'>⁸</span> 
     </span>
     <span class='ocr_line' id='line_1_11' title="bbox 42 1265 1083 1340; baseline 0 -22"><span class='ocrx_word' id='word_1_86' title='bbox 42 1267 156 1337; x_wconf 78' lang='lat' dir='ltr'>spirant,</span> <span class='ocrx_word' id='word_1_87' title='bbox 175 1267 235 1321; x_wconf 89' lang='lat' dir='ltr'>imo</span> <span class='ocrx_word' id='word_1_88' title='bbox 254 1265 348 1321; x_wconf 84' lang='lat' dir='ltr'>efflant</span> <span class='ocrx_word' id='word_1_89' title='bbox 364 1279 393 1322; x_wconf 92' lang='lat' dir='ltr'>et</span> <span class='ocrx_word' id='word_1_90' title='bbox 408 1269 511 1322; x_wconf 86' lang='lat' dir='ltr'>ardent</span> <span class='ocrx_word' id='word_1_91' title='bbox 528 1267 633 1338; x_wconf 85' lang='lat' dir='ltr'>singuli</span> <span class='ocrx_word' id='word_1_92' title='bbox 652 1278 744 1339; x_wconf 65' lang='lat' dir='ltr'>patene</span> <span class='ocrx_word' id='word_1_93' title='bbox 761 1269 870 1340; x_wconf 78' lang='lat' dir='ltr'>apices.</span> <span class='ocrx_word' id='word_1_94' title='bbox 905 1267 978 1322; x_wconf 91' lang='lat' dir='ltr'>Non</span> <span class='ocrx_word' id='word_1_95' title='bbox 1001 1267 1083 1338; x_wconf 85' lang='lat' dir='ltr'>quod</span> 
     </span>
     <span class='ocr_line' id='line_1_12' title="bbox 42 1341 1083 1427; baseline 0.004 -20"><span class='ocrx_word' id='word_1_96' title='bbox 42 1355 135 1424; x_wconf 83' lang='lat' dir='ltr'>dignus</span> <span class='ocrx_word' id='word_1_97' title='bbox 154 1341 211 1410; x_wconf 85' lang='lat' dir='ltr'>sim</span> <span class='ocrx_word' id='word_1_98' title='bbox 229 1363 307 1410; x_wconf 88' lang='lat' dir='ltr'>tanta</span> <span class='ocrx_word' id='word_1_99' title='bbox 323 1357 372 1411; x_wconf 88' lang='lat' dir='ltr'>vel</span> <span class='ocrx_word' id='word_1_100' title='bbox 390 1357 473 1410; x_wconf 83' lang='lat' dir='ltr'>laude</span> <span class='ocrx_word' id='word_1_101' title='bbox 485 1355 533 1410; x_wconf 88' lang='lat' dir='ltr'>vel</span> <span class='ocrx_word' id='word_1_102' title='bbox 552 1344 694 1412; x_wconf 82' lang='lat' dir='ltr'>charitate</span> <span class='ocrx_word' id='word_1_103' title='bbox 711 1367 776 1424; x_wconf 89' lang='lat' dir='ltr'>tua,</span> <span class='ocrx_word' id='word_1_104' title='bbox 794 1358 846 1410; x_wconf 89' lang='lat' dir='ltr'>sed</span> <span class='ocrx_word' id='word_1_105' title='bbox 861 1357 941 1427; x_wconf 91' lang='lat' dir='ltr'>quod</span> <span class='ocrx_word' id='word_1_106' title='bbox 957 1357 1083 1412; x_wconf 74' lang='lat' dir='ltr'>libenter</span> 
     </span>
     <span class='ocr_line' id='line_1_13' title="bbox 5 1427 1085 1516; baseline 0.003 -21"><span class='ocrx_word' id='word_1_107' title='bbox 5 1459 7 1466; x_wconf 71' lang='grc'>’</span> <span class='ocrx_word' id='word_1_108' title='bbox 42 1445 233 1516; x_wconf 63' lang='lat' dir='ltr'>patiorjulluri</span> <span class='ocrx_word' id='word_1_109' title='bbox 245 1427 294 1500; x_wconf 75' lang='lat' dir='ltr'>ane</span> <span class='ocrx_word' id='word_1_110' title='bbox 314 1445 461 1500; x_wconf 88' lang='lat' dir='ltr'>bonorum</span> <span class='ocrx_word' id='word_1_111' title='bbox 473 1446 607 1499; x_wconf 88' lang='lat' dir='ltr'>virorum</span> <span class='ocrx_word' id='word_1_112' title='bbox 624 1446 796 1500; x_wconf 86' lang='lat' dir='ltr'>testimonio</span> <span class='ocrx_word' id='word_1_113' title='bbox 814 1449 850 1499; x_wconf 81' lang='lat' dir='ltr'>et&#39;</span> <span class='ocrx_word' id='word_1_114' title='bbox 860 1447 962 1499; x_wconf 83' lang='lat' dir='ltr'>favore</span> <span class='ocrx_word' id='word_1_115' title='bbox 980 1447 1085 1499; x_wconf 82' lang='lat' dir='ltr'>adver.</span> 
     </span>
     <span class='ocr_line' id='line_1_14' title="bbox 41 1525 1158 1618; baseline 0.002 -32"><span class='ocrx_word' id='word_1_116' title='bbox 41 1549 86 1587; x_wconf 90' lang='lat' dir='ltr'>sus</span> <span class='ocrx_word' id='word_1_117' title='bbox 110 1535 246 1590; x_wconf 81' lang='lat' dir='ltr'>satanam</span> <span class='ocrx_word' id='word_1_118' title='bbox 270 1535 466 1604; x_wconf 72' lang='lat' dir='ltr'>etministros</span> <span class='ocrx_word' id='word_1_119' title='bbox 490 1535 573 1604; x_wconf 79' lang='lat' dir='ltr'>ejus,</span> <span class='ocrx_word' id='word_1_120' title='bbox 601 1535 650 1618; x_wconf 74' lang='lat' dir='ltr'>qpi</span> <span class='ocrx_word' id='word_1_121' title='bbox 670 1551 716 1588; x_wconf 84' lang='lat' dir='ltr'>nte</span> <span class='ocrx_word' id='word_1_122' title='bbox 738 1525 859 1589; x_wconf 78' lang='lat' dir='ltr'>assidue</span> <span class='ocrx_word' id='word_1_123' title='bbox 877 1535 1000 1605; x_wconf 79' lang='lat' dir='ltr'>sineque</span> <span class='ocrx_word' id='word_1_124' title='bbox 1026 1535 1083 1590; x_wconf 87' lang='lat' dir='ltr'>line</span> <span class='ocrx_word' id='word_1_125' title='bbox 1151 1555 1158 1570; x_wconf 91' lang='lat'><strong>·</strong></span> 
     </span>
     <span class='ocr_line' id='line_1_15' title="bbox 41 1624 1086 1700; baseline 0.006 -28"><span class='ocrx_word' id='word_1_126' title='bbox 41 1633 187 1700; x_wconf 71' lang='lat' dir='ltr'>exsugunt</span> <span class='ocrx_word' id='word_1_127' title='bbox 201 1633 231 1677; x_wconf 87' lang='lat' dir='ltr'>et</span> <span class='ocrx_word' id='word_1_128' title='bbox 245 1625 438 1692; x_wconf 78' lang='lat' dir='ltr'>extinguunt</span> <span class='ocrx_word' id='word_1_129' title='bbox 455 1634 529 1678; x_wconf 90' lang='lat' dir='ltr'>utet</span> <span class='ocrx_word' id='word_1_130' title='bbox 546 1641 639 1694; x_wconf 76' lang='lat' dir='ltr'>ipse</span> <span class='ocrx_word' id='word_1_131' title='bbox 623 1625 738 1678; x_wconf 80' lang='lat' dir='ltr'>lortarr</span> <span class='ocrx_word' id='word_1_132' title='bbox 754 1641 885 1694; x_wconf 78' lang='lat' dir='ltr'>possim</span> <span class='ocrx_word' id='word_1_133' title='bbox 903 1641 950 1677; x_wconf 89' lang='lat' dir='ltr'>me</span> <span class='ocrx_word' id='word_1_134' title='bbox 964 1624 1086 1678; x_wconf 74' lang='lat' dir='ltr'>Paulina</span> 
     </span>
     <span class='ocr_line' id='line_1_16' title="bbox 41 1712 1104 1796; baseline 0.005 -32"><span class='ocrx_word' id='word_1_135' title='bbox 41 1715 111 1779; x_wconf 74' lang='lat' dir='ltr'>gradi</span> <span class='ocrx_word' id='word_1_136' title='bbox 137 1713 203 1780; x_wconf 87' lang='lat' dir='ltr'>via,</span> <span class='ocrx_word' id='word_1_137' title='bbox 231 1713 347 1768; x_wconf 84' lang='lat' dir='ltr'>scillcet</span> <span class='ocrx_word' id='word_1_138' title='bbox 368 1731 422 1785; x_wconf 87' lang='lat' dir='ltr'>per</span> <span class='ocrx_word' id='word_1_139' title='bbox 445 1715 568 1783; x_wconf 82' lang='lat' dir='ltr'>gloriam</span> <span class='ocrx_word' id='word_1_140' title='bbox 592 1725 622 1768; x_wconf 91' lang='lat' dir='ltr'>et</span> <span class='ocrx_word' id='word_1_141' title='bbox 647 1712 897 1783; x_wconf 75' lang='lat' dir='ltr'>ignobilitatem,</span> <span class='ocrx_word' id='word_1_142' title='bbox 899 1715 1104 1796; x_wconf 78' lang='lat' dir='ltr'>perbonam</span> 
     </span>
     <span class='ocr_line' id='line_1_17' title="bbox 41 1790 1148 1874; baseline 0.005 -22"><span class='ocrx_word' id='word_1_143' title='bbox 41 1802 138 1857; x_wconf 83' lang='lat' dir='ltr'>famam</span> <span class='ocrx_word' id='word_1_144' title='bbox 157 1814 187 1858; x_wconf 88' lang='lat' dir='ltr'>et</span> <span class='ocrx_word' id='word_1_145' title='bbox 200 1803 307 1856; x_wconf 82' lang='lat' dir='ltr'>malam</span> <span class='ocrx_word' id='word_1_146' title='bbox 323 1804 445 1866; x_wconf 69' lang='lat' dir='ltr'>famata:</span> <span class='ocrx_word' id='word_1_147' title='bbox 465 1813 495 1856; x_wconf 87' lang='lat' dir='ltr'>et</span> <span class='ocrx_word' id='word_1_148' title='bbox 512 1803 569 1858; x_wconf 84' lang='lat' dir='ltr'>srtn</span> <span class='ocrx_word' id='word_1_149' title='bbox 581 1805 679 1858; x_wconf 87' lang='lat' dir='ltr'>bonus</span> <span class='ocrx_word' id='word_1_150' title='bbox 697 1805 911 1874; x_wconf 82' lang='lat' dir='ltr'>odorChrlstr</span> <span class='ocrx_word' id='word_1_151' title='bbox 930 1805 991 1858; x_wconf 86' lang='lat' dir='ltr'>alus</span> <span class='ocrx_word' id='word_1_152' title='bbox 1009 1806 1087 1858; x_wconf 87' lang='lat' dir='ltr'>odor</span> <span class='ocrx_word' id='word_1_153' title='bbox 1144 1790 1148 1798; x_wconf 49' lang='grc'>’</span> 
     </span>
     <span class='ocr_line' id='line_1_18' title="bbox 39 1890 1086 1959; baseline 0.002 -14"><span class='ocrx_word' id='word_1_154' title='bbox 39 1895 136 1948; x_wconf 86' lang='lat' dir='ltr'>mortis</span> <span class='ocrx_word' id='word_1_155' title='bbox 154 1895 191 1948; x_wconf 84' lang='lat' dir='ltr'>ad</span> <span class='ocrx_word' id='word_1_156' title='bbox 208 1903 353 1959; x_wconf 87' lang='lat' dir='ltr'>mortem,</span> <span class='ocrx_word' id='word_1_157' title='bbox 371 1895 433 1947; x_wconf 87' lang='lat' dir='ltr'>aliis</span> <span class='ocrx_word' id='word_1_158' title='bbox 448 1895 527 1948; x_wconf 82' lang='lat' dir='ltr'>odor</span> <span class='ocrx_word' id='word_1_159' title='bbox 543 1894 619 1948; x_wconf 86' lang='lat' dir='ltr'>vitae</span> <span class='ocrx_word' id='word_1_160' title='bbox 638 1896 673 1948; x_wconf 92' lang='lat' dir='ltr'>ad</span> <span class='ocrx_word' id='word_1_161' title='bbox 691 1895 788 1956; x_wconf 89' lang='lat' dir='ltr'>vitam.</span> <span class='ocrx_word' id='word_1_162' title='bbox 821 1890 1001 1954; x_wconf 81' lang='lat' dir='ltr'>Benedictus</span> <span class='ocrx_word' id='word_1_163' title='bbox 1019 1896 1086 1948; x_wconf 91' lang='lat' dir='ltr'>Do.</span> 
     </span>
     <span class='ocr_line' id='line_1_19' title="bbox 41 1981 1089 2064; baseline 0.004 -30"><span class='ocrx_word' id='word_1_164' title='bbox 41 1981 127 2038; x_wconf 86' lang='lat' dir='ltr'>minus</span> <span class='ocrx_word' id='word_1_165' title='bbox 145 1998 233 2052; x_wconf 74' lang='lat' dir='ltr'>meus</span> <span class='ocrx_word' id='word_1_166' title='bbox 245 1984 344 2064; x_wconf 42' lang='lat' dir='ltr'>⁵,Iesus</span> <span class='ocrx_word' id='word_1_167' title='bbox 362 1983 520 2051; x_wconf 85' lang='lat' dir='ltr'>Christus,</span> <span class='ocrx_word' id='word_1_168' title='bbox 547 1985 596 2054; x_wconf 91' lang='lat' dir='ltr'>qui</span> <span class='ocrx_word' id='word_1_169' title='bbox 621 1985 709 2038; x_wconf 84' lang='lat' dir='ltr'>talem</span> <span class='ocrx_word' id='word_1_170' title='bbox 735 2000 802 2039; x_wconf 85' lang='lat' dir='ltr'>esse</span> <span class='ocrx_word' id='word_1_171' title='bbox 820 2001 868 2038; x_wconf 91' lang='lat' dir='ltr'>me</span> <span class='ocrx_word' id='word_1_172' title='bbox 891 1985 1002 2052; x_wconf 86' lang='lat' dir='ltr'>voluit,</span> <span class='ocrx_word' id='word_1_173' title='bbox 1025 2003 1089 2039; x_wconf 87' lang='lat' dir='ltr'>non</span> 
     </span>
     <span class='ocr_line' id='line_1_20' title="bbox 41 2066 1176 2146; baseline 0.003 -23"><span class='ocrx_word' id='word_1_174' title='bbox 41 2083 67 2126; x_wconf 90' lang='lat' dir='ltr'>ut</span> <span class='ocrx_word' id='word_1_175' title='bbox 83 2092 136 2141; x_wconf 73' lang='lat' dir='ltr'>ego</span> <span class='ocrx_word' id='word_1_176' title='bbox 156 2075 344 2146; x_wconf 87' lang='lat' dir='ltr'>snperbiam,</span> <span class='ocrx_word' id='word_1_177' title='bbox 362 2075 415 2129; x_wconf 83' lang='lat' dir='ltr'>sed</span> <span class='ocrx_word' id='word_1_178' title='bbox 428 2083 461 2128; x_wconf 88' lang='lat' dir='ltr'>ut</span> <span class='ocrx_word' id='word_1_179' title='bbox 472 2075 583 2130; x_wconf 87' lang='lat' dir='ltr'>multos</span> <span class='ocrx_word' id='word_1_180' title='bbox 597 2066 707 2143; x_wconf 76' lang='lat' dir='ltr'>perme</span> <span class='ocrx_word' id='word_1_181' title='bbox 722 2085 852 2128; x_wconf 86' lang='lat' dir='ltr'>servaret</span> <span class='ocrx_word' id='word_1_182' title='bbox 869 2075 905 2128; x_wconf 94' lang='lat' dir='ltr'>ab</span> <span class='ocrx_word' id='word_1_183' title='bbox 922 2075 990 2129; x_wconf 83' lang='lat' dir='ltr'>istis</span> <span class='ocrx_word' id='word_1_184' title='bbox 996 2075 1089 2145; x_wconf 85' lang='lat' dir='ltr'>pesti.</span> <span class='ocrx_word' id='word_1_185' title='bbox 1129 2131 1131 2134; x_wconf 63' lang='grc'>,</span> <span class='ocrx_word' id='word_1_186' title='bbox 1173 2075 1176 2082; x_wconf 71' lang='grc'><strong>“</strong></span> 
     </span>
     <span class='ocr_line' id='line_1_21' title="bbox 44 2147 1088 2240; baseline 0.004 -27"><span class='ocrx_word' id='word_1_187' title='bbox 44 2163 164 2240; x_wconf 83' lang='lat' dir='ltr'>lentibus</span> <span class='ocrx_word' id='word_1_188' title='bbox 183 2147 346 2233; x_wconf 89' lang='lat' dir='ltr'>spiritibus.</span> <span class='ocrx_word' id='word_1_189' title='bbox 379 2161 447 2217; x_wconf 88' lang='lat' dir='ltr'>Hoc</span> <span class='ocrx_word' id='word_1_190' title='bbox 459 2177 559 2216; x_wconf 88' lang='lat' dir='ltr'>meum</span> <span class='ocrx_word' id='word_1_191' title='bbox 572 2173 691 2228; x_wconf 88' lang='lat' dir='ltr'>votum,</span> <span class='ocrx_word' id='word_1_192' title='bbox 709 2163 814 2232; x_wconf 91' lang='lat' dir='ltr'>quod</span> <span class='ocrx_word' id='word_1_193' title='bbox 807 2180 836 2216; x_wconf 86' lang='lat' dir='ltr'>m</span> <span class='ocrx_word' id='word_1_194' title='bbox 849 2161 939 2216; x_wconf 89' lang='lat' dir='ltr'>horas</span> <span class='ocrx_word' id='word_1_195' title='bbox 949 2163 1088 2240; x_wconf 78' lang='lat' dir='ltr'>suspiro,</span> 
     </span>
     <span class='ocr_line' id='line_1_22' title="bbox 41 2250 1088 2324; baseline 0.004 -21"><span class='ocrx_word' id='word_1_196' title='bbox 41 2265 100 2306; x_wconf 88' lang='lat' dir='ltr'>cnm</span> <span class='ocrx_word' id='word_1_197' title='bbox 116 2253 236 2308; x_wconf 86' lang='lat' dir='ltr'>videam</span> <span class='ocrx_word' id='word_1_198' title='bbox 255 2251 390 2324; x_wconf 87' lang='lat' dir='ltr'>impleri,</span> <span class='ocrx_word' id='word_1_199' title='bbox 407 2250 526 2306; x_wconf 84' lang='lat' dir='ltr'>beatum</span> <span class='ocrx_word' id='word_1_200' title='bbox 543 2267 592 2304; x_wconf 90' lang='lat' dir='ltr'>me</span> <span class='ocrx_word' id='word_1_201' title='bbox 610 2251 766 2318; x_wconf 65' lang='lat' dir='ltr'>existimo,</span> <span class='ocrx_word' id='word_1_202' title='bbox 790 2261 820 2304; x_wconf 83' lang='lat' dir='ltr'>et</span> <span class='ocrx_word' id='word_1_203' title='bbox 838 2251 1012 2312; x_wconf 83' lang='lat' dir='ltr'>abundet</span> <span class='ocrx_word' id='word_1_204' title='bbox 966 2262 1012 2308; x_wconf 83' lang='lat' dir='ltr'>sat</span> <span class='ocrx_word' id='word_1_205' title='bbox 1014 2251 1038 2305; x_wconf 88' lang='lat' dir='ltr'>is</span> <span class='ocrx_word' id='word_1_206' title='bbox 1057 2262 1088 2308; x_wconf 91' lang='lat' dir='ltr'>et</span> 
     </span>
     <span class='ocr_line' id='line_1_23' title="bbox 41 2341 1087 2422; baseline 0.003 -30"><span class='ocrx_word' id='word_1_207' title='bbox 41 2342 184 2398; x_wconf 78' lang='lat' dir='ltr'>fructuum</span> <span class='ocrx_word' id='word_1_208' title='bbox 203 2353 233 2396; x_wconf 90' lang='lat' dir='ltr'>et</span> <span class='ocrx_word' id='word_1_209' title='bbox 248 2344 393 2397; x_wconf 77' lang='lat' dir='ltr'>mercedis</span> <span class='ocrx_word' id='word_1_210' title='bbox 412 2345 564 2413; x_wconf 86' lang='lat' dir='ltr'>accepisse</span> <span class='ocrx_word' id='word_1_211' title='bbox 583 2341 710 2422; x_wconf 89' lang='lat' dir='ltr'>laboris,</span> <span class='ocrx_word' id='word_1_212' title='bbox 731 2351 765 2394; x_wconf 88' lang='lat' dir='ltr'>ut</span> <span class='ocrx_word' id='word_1_213' title='bbox 781 2342 829 2412; x_wconf 91' lang='lat' dir='ltr'>qni</span> <span class='ocrx_word' id='word_1_214' title='bbox 848 2341 940 2395; x_wconf 85' lang='lat' dir='ltr'>sciam</span> <span class='ocrx_word' id='word_1_215' title='bbox 958 2357 1005 2394; x_wconf 92' lang='lat' dir='ltr'>me</span> <span class='ocrx_word' id='word_1_216' title='bbox 1024 2341 1087 2396; x_wconf 88' lang='lat' dir='ltr'>aliis</span> 
     </span>
     <span class='ocr_line' id='line_1_24' title="bbox 40 2427 1085 2502; baseline 0.005 -22"><span class='ocrx_word' id='word_1_217' title='bbox 40 2431 130 2487; x_wconf 78' lang='lat' dir='ltr'>virere</span> <span class='ocrx_word' id='word_1_218' title='bbox 154 2442 188 2486; x_wconf 87' lang='lat' dir='ltr'>et</span> <span class='ocrx_word' id='word_1_219' title='bbox 211 2427 336 2487; x_wconf 79' lang='lat' dir='ltr'>servire</span> <span class='ocrx_word' id='word_1_220' title='bbox 372 2427 515 2487; x_wconf 78' lang='lat' dir='ltr'>Gratulor</span> <span class='ocrx_word' id='word_1_221' title='bbox 539 2431 637 2502; x_wconf 84' lang='lat' dir='ltr'>itaque</span> <span class='ocrx_word' id='word_1_222' title='bbox 662 2449 724 2488; x_wconf 89' lang='lat' dir='ltr'>non</span> <span class='ocrx_word' id='word_1_223' title='bbox 748 2431 806 2484; x_wconf 89' lang='lat' dir='ltr'>tuis</span> <span class='ocrx_word' id='word_1_224' title='bbox 830 2429 980 2496; x_wconf 82' lang='lat' dir='ltr'>laudibus,</span> <span class='ocrx_word' id='word_1_225' title='bbox 1011 2443 1085 2500; x_wconf 81' lang='lat' dir='ltr'>quas</span> 
     </span>
     <span class='ocr_line' id='line_1_25' title="bbox 37 2517 1164 2600; baseline 0.003 -30"><span class='ocrx_word' id='word_1_226' title='bbox 37 2523 213 2600; x_wconf 75' lang='lat' dir='ltr'>exuberante</span> <span class='ocrx_word' id='word_1_227' title='bbox 232 2525 282 2590; x_wconf 83' lang='lat' dir='ltr'>(ut</span> <span class='ocrx_word' id='word_1_228' title='bbox 295 2521 354 2576; x_wconf 80' lang='lat' dir='ltr'>fieri</span> <span class='ocrx_word' id='word_1_229' title='bbox 367 2522 461 2586; x_wconf 86' lang='lat' dir='ltr'>solet)</span> <span class='ocrx_word' id='word_1_230' title='bbox 479 2523 579 2575; x_wconf 82' lang='lat' dir='ltr'>favore</span> <span class='ocrx_word' id='word_1_231' title='bbox 599 2522 741 2590; x_wconf 80' lang='lat' dir='ltr'>effturdis,</span> <span class='ocrx_word' id='word_1_232' title='bbox 761 2521 813 2576; x_wconf 86' lang='lat' dir='ltr'>sed</span> <span class='ocrx_word' id='word_1_233' title='bbox 824 2520 955 2586; x_wconf 79' lang='lat' dir='ltr'>veritati,</span> <span class='ocrx_word' id='word_1_234' title='bbox 974 2517 1019 2574; x_wconf 86' lang='lat' dir='ltr'>cui</span> <span class='ocrx_word' id='word_1_235' title='bbox 1032 2537 1086 2592; x_wconf 88' lang='lat' dir='ltr'>per</span> <span class='ocrx_word' id='word_1_236' title='bbox 1151 2539 1164 2595; x_wconf 37' lang='lat' dir='ltr'>t,</span> 
     </span>
    </p>
   </div>
   <div class='ocr_carea' id='block_1_5' title="bbox 36 2598 1189 2686">
    <p class='ocr_par' dir='ltr' id='par_1_6' title="bbox 36 2598 1189 2686">
     <span class='ocr_line' id='line_1_26' title="bbox 36 2598 1189 2686; baseline 0.002 -28"><span class='ocrx_word' id='word_1_237' title='bbox 36 2603 105 2662; x_wconf 82' lang='lat' dir='ltr'>hanc</span> <span class='ocrx_word' id='word_1_238' title='bbox 124 2609 346 2686; x_wconf 77' lang='lat' dir='ltr'>simplicitatem</span> <span class='ocrx_word' id='word_1_239' title='bbox 363 2608 444 2664; x_wconf 89' lang='lat' dir='ltr'>nimii</span> <span class='ocrx_word' id='word_1_240' title='bbox 462 2610 580 2664; x_wconf 80' lang='lat' dir='ltr'>affectus</span> <span class='ocrx_word' id='word_1_241' title='bbox 600 2621 629 2664; x_wconf 90' lang='lat' dir='ltr'>et</span> <span class='ocrx_word' id='word_1_242' title='bbox 647 2609 784 2664; x_wconf 83' lang='lat' dir='ltr'>candoris</span> <span class='ocrx_word' id='word_1_243' title='bbox 802 2609 1001 2664; x_wconf 79' lang='lat' dir='ltr'>testimonium</span> <span class='ocrx_word' id='word_1_244' title='bbox 1020 2626 1086 2680; x_wconf 84' lang='lat' dir='ltr'>per.</span> <span class='ocrx_word' id='word_1_245' title='bbox 1161 2598 1168 2636; x_wconf 60' lang='lat' dir='ltr'>i</span> <span class='ocrx_word' id='word_1_246' title='bbox 1187 2611 1189 2618; x_wconf 84' lang='grc'>’</span> 
     </span>
    </p>
   </div>
   <div class='ocr_carea' id='block_1_6' title="bbox 35 2697 1085 2774">
    <p class='ocr_par' dir='ltr' id='par_1_7' title="bbox 35 2697 1085 2774">
     <span class='ocr_line' id='line_1_27' title="bbox 35 2697 1085 2774; baseline 0.002 -26"><span class='ocrx_word' id='word_1_247' title='bbox 35 2697 130 2767; x_wconf 83' lang='lat' dir='ltr'>bibes,</span> <span class='ocrx_word' id='word_1_248' title='bbox 158 2711 189 2752; x_wconf 91' lang='lat' dir='ltr'>et</span> <span class='ocrx_word' id='word_1_249' title='bbox 206 2699 423 2769; x_wconf 77' lang='lat' dir='ltr'>simplicissime</span> <span class='ocrx_word' id='word_1_250' title='bbox 442 2697 594 2768; x_wconf 73' lang='lat' dir='ltr'>Christum</span> <span class='ocrx_word' id='word_1_251' title='bbox 614 2697 777 2766; x_wconf 80' lang='lat' dir='ltr'>confiteris.</span> <span class='ocrx_word' id='word_1_252' title='bbox 812 2697 891 2773; x_wconf 76' lang='lat' dir='ltr'>Quid</span> <span class='ocrx_word' id='word_1_253' title='bbox 915 2699 996 2774; x_wconf 33' lang='lat' dir='ltr'>,enirn</span> <span class='ocrx_word' id='word_1_254' title='bbox 1022 2699 1085 2754; x_wconf 93' lang='lat' dir='ltr'>dul.</span> 
     </span>
    </p>
   </div>
   <div class='ocr_carea' id='block_1_7' title="bbox 36 2783 1256 2862">
    <p class='ocr_par' dir='ltr' id='par_1_8' title="bbox 36 2783 1256 2862">
     <span class='ocr_line' id='line_1_28' title="bbox 36 2783 1256 2862; baseline 0.002 -20"><span class='ocrx_word' id='word_1_255' title='bbox 36 2803 93 2842; x_wconf 81' lang='lat' dir='ltr'>ctus</span> <span class='ocrx_word' id='word_1_256' title='bbox 109 2789 357 2862; x_wconf 80' lang='lat' dir='ltr'>attduepossun</span> <span class='ocrx_word' id='word_1_257' title='bbox 375 2783 464 2862; x_wconf 66' lang='lat' dir='ltr'>v&lt;pram</span> <span class='ocrx_word' id='word_1_258' title='bbox 483 2801 511 2842; x_wconf 92' lang='lat' dir='ltr'>te</span> <span class='ocrx_word' id='word_1_259' title='bbox 530 2797 559 2842; x_wconf 88' lang='lat' dir='ltr'>et</span> <span class='ocrx_word' id='word_1_260' title='bbox 576 2790 617 2843; x_wconf 88' lang='grc' dir='ltr'><strong>ιιιι</strong></span> <span class='ocrx_word' id='word_1_261' title='bbox 637 2789 746 2846; x_wconf 76' lang='lat' dir='ltr'>similes</span> <span class='ocrx_word' id='word_1_262' title='bbox 764 2790 905 2846; x_wconf 80' lang='lat' dir='ltr'>adversus</span> <span class='ocrx_word' id='word_1_263' title='bbox 919 2789 1085 2845; x_wconf 74' lang='lat' dir='ltr'>Diabolum</span> <span class='ocrx_word' id='word_1_264' title='bbox 1128 2855 1133 2857; x_wconf 40' lang='grc'><strong>,</strong></span> <span class='ocrx_word' id='word_1_265' title='bbox 1167 2785 1182 2824; x_wconf 33' lang='grc' dir='ltr'>’ν</span> <span class='ocrx_word' id='word_1_266' title='bbox 1246 2787 1256 2830; x_wconf 68' lang='grc' dir='ltr'>Γ</span> 
     </span>
    </p>
   </div>
   <div class='ocr_carea' id='block_1_8' title="bbox 30 2879 1154 4060">
    <p class='ocr_par' dir='ltr' id='par_1_9' title="bbox 32 2879 1154 3397">
     <span class='ocr_line' id='line_1_29' title="bbox 34 2879 1083 2968; baseline 0.005 -38"><span class='ocrx_word' id='word_1_267' title='bbox 34 2881 126 2938; x_wconf 84' lang='lat' dir='ltr'>salvos</span> <span class='ocrx_word' id='word_1_268' title='bbox 153 2890 234 2934; x_wconf 86' lang='lat' dir='ltr'>stare</span> <span class='ocrx_word' id='word_1_269' title='bbox 261 2880 289 2932; x_wconf 92' lang='lat' dir='ltr'>in</span> <span class='ocrx_word' id='word_1_270' title='bbox 315 2879 423 2933; x_wconf 87' lang='lat' dir='ltr'>solida</span> <span class='ocrx_word' id='word_1_271' title='bbox 417 2879 605 2948; x_wconf 74' lang='lat' dir='ltr'>sirnomaque</span> <span class='ocrx_word' id='word_1_272' title='bbox 630 2879 737 2934; x_wconf 86' lang='lat' dir='ltr'>Christi</span> <span class='ocrx_word' id='word_1_273' title='bbox 766 2880 956 2968; x_wconf 82' lang='lat' dir='ltr'>cognitione?</span> <span class='ocrx_word' id='word_1_274' title='bbox 989 2893 1083 2949; x_wconf 84' lang='lat' dir='ltr'>quum</span> 
     </span>
     <span class='ocr_line' id='line_1_30' title="bbox 35 2965 1081 3039; baseline 0.002 -21"><span class='ocrx_word' id='word_1_275' title='bbox 35 2965 150 3023; x_wconf 85' lang='lat' dir='ltr'>interim</span> <span class='ocrx_word' id='word_1_276' title='bbox 173 2971 217 3022; x_wconf 88' lang='lat' dir='ltr'>lot</span> <span class='ocrx_word' id='word_1_277' title='bbox 240 2979 340 3034; x_wconf 87' lang='lat' dir='ltr'>ruant,</span> <span class='ocrx_word' id='word_1_278' title='bbox 345 2981 449 3038; x_wconf 90' lang='lat' dir='ltr'>quos</span> <span class='ocrx_word' id='word_1_279' title='bbox 469 2969 621 3022; x_wconf 76' lang='lat' dir='ltr'>columnas</span> <span class='ocrx_word' id='word_1_280' title='bbox 647 2971 712 3022; x_wconf 86' lang='lat' dir='ltr'>fore</span> <span class='ocrx_word' id='word_1_281' title='bbox 730 2980 846 3023; x_wconf 83' lang='lat' dir='ltr'>nostras</span> <span class='ocrx_word' id='word_1_282' title='bbox 869 2969 1081 3039; x_wconf 85' lang='lat' dir='ltr'>sperabamus,</span> 
     </span>
     <span class='ocr_line' id='line_1_31' title="bbox 33 3058 1082 3129; baseline 0.002 -19"><span class='ocrx_word' id='word_1_283' title='bbox 33 3075 105 3112; x_wconf 87' lang='lat' dir='ltr'>nune</span> <span class='ocrx_word' id='word_1_284' title='bbox 123 3069 225 3114; x_wconf 86' lang='lat' dir='ltr'>autem</span> <span class='ocrx_word' id='word_1_285' title='bbox 243 3059 289 3112; x_wconf 89' lang='lat' dir='ltr'>vel</span> <span class='ocrx_word' id='word_1_286' title='bbox 309 3059 411 3114; x_wconf 74' lang='lat' dir='ltr'>Tarrca</span> <span class='ocrx_word' id='word_1_287' title='bbox 428 3061 554 3129; x_wconf 81' lang='lat' dir='ltr'>patimur</span> <span class='ocrx_word' id='word_1_288' title='bbox 572 3058 743 3112; x_wconf 86' lang='lat' dir='ltr'>infensiores</span> <span class='ocrx_word' id='word_1_289' title='bbox 761 3059 875 3112; x_wconf 80' lang='lat' dir='ltr'>hostes.</span> <span class='ocrx_word' id='word_1_290' title='bbox 911 3059 974 3112; x_wconf 88' lang='lat' dir='ltr'>Oro</span> <span class='ocrx_word' id='word_1_291' title='bbox 997 3058 1082 3126; x_wconf 76' lang='lat' dir='ltr'>igitur</span> 
     </span>
     <span class='ocr_line' id='line_1_32' title="bbox 33 3147 1082 3216; baseline 0.001 -16"><span class='ocrx_word' id='word_1_292' title='bbox 33 3148 198 3202; x_wconf 87' lang='lat' dir='ltr'>Dominum</span> <span class='ocrx_word' id='word_1_293' title='bbox 214 3147 339 3216; x_wconf 74' lang='lat' dir='ltr'>desum,</span> <span class='ocrx_word' id='word_1_294' title='bbox 366 3160 397 3201; x_wconf 90' lang='lat' dir='ltr'>ut</span> <span class='ocrx_word' id='word_1_295' title='bbox 415 3157 443 3202; x_wconf 88' lang='lat' dir='ltr'>te</span> <span class='ocrx_word' id='word_1_296' title='bbox 462 3148 524 3202; x_wconf 86' lang='lat' dir='ltr'>suis</span> <span class='ocrx_word' id='word_1_297' title='bbox 542 3147 799 3205; x_wconf 84' lang='lat' dir='ltr'>benedictionibus</span> <span class='ocrx_word' id='word_1_298' title='bbox 824 3148 862 3200; x_wconf 85' lang='lat' dir='ltr'>itu</span> <span class='ocrx_word' id='word_1_299' title='bbox 880 3157 1021 3214; x_wconf 85' lang='lat' dir='ltr'>coronet,</span> <span class='ocrx_word' id='word_1_300' title='bbox 1048 3155 1082 3202; x_wconf 85' lang='lat' dir='ltr'>ut</span> 
     </span>
     <span class='ocr_line' id='line_1_33' title="bbox 33 3229 1154 3311; baseline 0.001 -19"><span class='ocrx_word' id='word_1_301' title='bbox 33 3243 185 3309; x_wconf 85' lang='lat' dir='ltr'>perfectus</span> <span class='ocrx_word' id='word_1_302' title='bbox 204 3251 233 3294; x_wconf 91' lang='lat' dir='ltr'>et</span> <span class='ocrx_word' id='word_1_303' title='bbox 255 3239 523 3310; x_wconf 82' lang='lat' dir='ltr'>irreprehensibilis</span> <span class='ocrx_word' id='word_1_304' title='bbox 541 3239 699 3293; x_wconf 86' lang='lat' dir='ltr'>nobiscum</span> <span class='ocrx_word' id='word_1_305' title='bbox 716 3239 900 3308; x_wconf 87' lang='lat' dir='ltr'>perseveris,</span> <span class='ocrx_word' id='word_1_306' title='bbox 924 3255 1021 3311; x_wconf 81' lang='lat' dir='ltr'>usqne</span> <span class='ocrx_word' id='word_1_307' title='bbox 1046 3239 1091 3294; x_wconf 86' lang='lat' dir='ltr'>ad·</span> <span class='ocrx_word' id='word_1_308' title='bbox 1143 3229 1154 3247; x_wconf 86' lang='lat'><em>&#39;</em></span> 
     </span>
     <span class='ocr_line' id='line_1_34' title="bbox 32 3327 645 3397; baseline -0.002 -15"><span class='ocrx_word' id='word_1_309' title='bbox 32 3327 137 3397; x_wconf 80' lang='lat' dir='ltr'>glo&#39;riae</span> <span class='ocrx_word' id='word_1_310' title='bbox 157 3345 229 3384; x_wconf 86' lang='lat' dir='ltr'>suae</span> <span class='ocrx_word' id='word_1_311' title='bbox 246 3331 411 3384; x_wconf 86' lang='lat' dir='ltr'>adventum.</span> <span class='ocrx_word' id='word_1_312' title='bbox 623 3329 645 3362; x_wconf 79' lang='lat'>⁴·</span> 
     </span>
    </p>

    <p class='ocr_par' dir='ltr' id='par_1_10' title="bbox 30 3416 1144 3934">
     <span class='ocr_line' id='line_1_35' title="bbox 89 3416 1082 3489; baseline -0.001 -16"><span class='ocrx_word' id='word_1_313' title='bbox 89 3421 251 3478; x_wconf 87' lang='lat' dir='ltr'>Novarum</span> <span class='ocrx_word' id='word_1_314' title='bbox 268 3419 320 3472; x_wconf 87' lang='lat' dir='ltr'>hic</span> <span class='ocrx_word' id='word_1_315' title='bbox 337 3436 436 3472; x_wconf 76' lang='lat' dir='ltr'>return</span> <span class='ocrx_word' id='word_1_316' title='bbox 455 3416 599 3480; x_wconf 87' lang='lat' dir='ltr'>estnihil,</span> <span class='ocrx_word' id='word_1_317' title='bbox 618 3417 697 3487; x_wconf 89' lang='lat' dir='ltr'>quod</span> <span class='ocrx_word' id='word_1_318' title='bbox 716 3416 749 3469; x_wconf 89' lang='lat' dir='ltr'>ad</span> <span class='ocrx_word' id='word_1_319' title='bbox 767 3427 897 3470; x_wconf 81' lang='lat' dir='ltr'>vestrum</span> <span class='ocrx_word' id='word_1_320' title='bbox 916 3418 1082 3489; x_wconf 86' lang='lat' dir='ltr'>emporium</span> 
     </span>
     <span class='ocr_line' id='line_1_36' title="bbox 30 3504 1144 3583; baseline -0.002 -21"><span class='ocrx_word' id='word_1_321' title='bbox 30 3511 198 3574; x_wconf 88' lang='lat' dir='ltr'>mittamus,</span> <span class='ocrx_word' id='word_1_322' title='bbox 210 3520 283 3562; x_wconf 89' lang='lat' dir='ltr'>cum</span> <span class='ocrx_word' id='word_1_323' title='bbox 294 3509 480 3576; x_wconf 85' lang='lat' dir='ltr'>Norinberga</span> <span class='ocrx_word' id='word_1_324' title='bbox 495 3507 533 3560; x_wconf 87' lang='lat' dir='ltr'>sit</span> <span class='ocrx_word' id='word_1_325' title='bbox 551 3507 614 3560; x_wconf 84' lang='lat' dir='ltr'>fere</span> <span class='ocrx_word' id='word_1_326' title='bbox 632 3507 735 3560; x_wconf 89' lang='lat' dir='ltr'>oculus</span> <span class='ocrx_word' id='word_1_327' title='bbox 755 3517 784 3558; x_wconf 89' lang='lat' dir='ltr'>et</span> <span class='ocrx_word' id='word_1_328' title='bbox 802 3504 879 3560; x_wconf 87' lang='lat' dir='ltr'>auris</span> <span class='ocrx_word' id='word_1_329' title='bbox 892 3506 1080 3576; x_wconf 73' lang='lat' dir='ltr'>Germaniae,</span> <span class='ocrx_word' id='word_1_330' title='bbox 1141 3580 1144 3583; x_wconf 10' lang='grc' dir='ltr'><strong>ᾖ</strong></span> 
     </span>
     <span class='ocr_line' id='line_1_37' title="bbox 33 3586 1082 3669; baseline -0.003 -19"><span class='ocrx_word' id='word_1_331' title='bbox 33 3616 101 3669; x_wconf 87' lang='lat' dir='ltr'>quae</span> <span class='ocrx_word' id='word_1_332' title='bbox 120 3599 204 3654; x_wconf 86' lang='lat' dir='ltr'>videt</span> <span class='ocrx_word' id='word_1_333' title='bbox 220 3611 250 3650; x_wconf 89' lang='lat' dir='ltr'>et</span> <span class='ocrx_word' id='word_1_334' title='bbox 268 3586 343 3650; x_wconf 78' lang='lat' dir='ltr'>ntrdit</span> <span class='ocrx_word' id='word_1_335' title='bbox 360 3598 469 3662; x_wconf 89' lang='lat' dir='ltr'>omnia,</span> <span class='ocrx_word' id='word_1_336' title='bbox 487 3611 562 3666; x_wconf 86' lang='lat' dir='ltr'>quae</span> <span class='ocrx_word' id='word_1_337' title='bbox 580 3597 706 3649; x_wconf 86' lang='lat' dir='ltr'>fortasse</span> <span class='ocrx_word' id='word_1_338' title='bbox 725 3609 874 3664; x_wconf 84' lang='lat' dir='ltr'>nunquam</span> <span class='ocrx_word' id='word_1_339' title='bbox 892 3595 924 3648; x_wconf 91' lang='lat' dir='ltr'>ad</span> <span class='ocrx_word' id='word_1_340' title='bbox 943 3613 997 3649; x_wconf 88' lang='lat' dir='ltr'>nos</span> <span class='ocrx_word' id='word_1_341' title='bbox 1017 3613 1082 3666; x_wconf 86' lang='lat' dir='ltr'>per.</span> 
     </span>
     <span class='ocr_line' id='line_1_38' title="bbox 31 3683 1081 3752; baseline -0.008 -5"><span class='ocrx_word' id='word_1_342' title='bbox 31 3691 164 3747; x_wconf 84' lang='lat' dir='ltr'>veniunt.</span> <span class='ocrx_word' id='word_1_343' title='bbox 199 3689 294 3744; x_wconf 87' lang='lat' dir='ltr'>Saluta</span> <span class='ocrx_word' id='word_1_344' title='bbox 313 3703 433 3743; x_wconf 83' lang='lat' dir='ltr'>cervam</span> <span class='ocrx_word' id='word_1_345' title='bbox 449 3696 530 3738; x_wconf 88' lang='lat' dir='ltr'>tuam</span> <span class='ocrx_word' id='word_1_346' title='bbox 547 3685 765 3752; x_wconf 69' lang='lat' dir='ltr'>charissimam,</span> <span class='ocrx_word' id='word_1_347' title='bbox 786 3699 854 3736; x_wconf 87' lang='lat' dir='ltr'>cum</span> <span class='ocrx_word' id='word_1_348' title='bbox 872 3683 1001 3739; x_wconf 85' lang='lat' dir='ltr'>hinnulis</span> <span class='ocrx_word' id='word_1_349' title='bbox 1020 3686 1081 3739; x_wconf 78' lang='lat' dir='ltr'>suis</span> 
     </span>
     <span class='ocr_line' id='line_1_39' title="bbox 31 3773 1082 3844; baseline -0.008 -10"><span class='ocrx_word' id='word_1_350' title='bbox 31 3779 226 3835; x_wconf 85' lang='lat' dir='ltr'>charissimis.</span> <span class='ocrx_word' id='word_1_351' title='bbox 258 3777 434 3832; x_wconf 88' lang='lat' dir='ltr'>Benedictio</span> <span class='ocrx_word' id='word_1_352' title='bbox 453 3775 575 3829; x_wconf 84' lang='lat' dir='ltr'>Dounni</span> <span class='ocrx_word' id='word_1_353' title='bbox 596 3791 686 3844; x_wconf 78' lang='lat' dir='ltr'>super</span> <span class='ocrx_word' id='word_1_354' title='bbox 702 3791 768 3828; x_wconf 85' lang='lat' dir='ltr'>vos</span> <span class='ocrx_word' id='word_1_355' title='bbox 803 3773 1010 3834; x_wconf 84' lang='lat' dir='ltr'>Benedioimus</span> <span class='ocrx_word' id='word_1_356' title='bbox 1028 3791 1082 3826; x_wconf 83' lang='lat' dir='ltr'>vo.</span> 
     </span>
     <span class='ocr_line' id='line_1_40' title="bbox 30 3851 1015 3941; baseline -0.007 -18"><span class='ocrx_word' id='word_1_357' title='bbox 30 3851 120 3926; x_wconf 85' lang='lat' dir='ltr'>bisin</span> <span class='ocrx_word' id='word_1_358' title='bbox 140 3869 262 3925; x_wconf 86' lang='lat' dir='ltr'>nomine</span> <span class='ocrx_word' id='word_1_359' title='bbox 283 3867 423 3934; x_wconf 86' lang='lat' dir='ltr'>Domini,</span> <span class='ocrx_word' id='word_1_360' title='bbox 441 3868 548 3940; x_wconf 87' lang='lat' dir='ltr'>Amen.</span> <span class='ocrx_word' id='word_1_361' title='bbox 583 3862 792 3941; x_wconf 79' lang='lat' dir='ltr'>Witenbergae</span> <span class='ocrx_word' id='word_1_362' title='bbox 810 3863 1015 3916; x_wconf 80' lang='lat' dir='ltr'>MDxxvlll.</span> 
     </span>
    </p>

    <p class='ocr_par' dir='ltr' id='par_1_11' title="bbox 774 3952 1047 4060">
     <span class='ocr_line' id='line_1_41' title="bbox 774 3952 1047 4060; baseline -0.008 -52"><span class='ocrx_word' id='word_1_363' title='bbox 774 3953 866 4008; x_wconf 82' lang='lat' dir='ltr'>Mart.</span> <span class='ocrx_word' id='word_1_364' title='bbox 874 3952 1047 4060; x_wconf 80' lang='lat' dir='ltr'>Lutherus.</span> 
     </span>
    </p>
   </div>
   <div class='ocr_carea' id='block_1_9' title="bbox 0 0 1332 4592">
    <p class='ocr_par' dir='ltr' id='par_1_12' title="bbox 0 0 1332 4592">
     <span class='ocr_line' id='line_1_42' title="bbox 0 0 1332 4592; baseline 0 1"><span class='ocrx_word' id='word_1_365' title='bbox 0 0 1332 4592; x_wconf 95' lang='lat' dir='ltr'> </span> 
     </span>
    </p>
   </div>
  </div>
 </body>
</html>
