2656 4592
502 293 601 357 152ss
1006 289 1067 356 285

36 441 89 501 illas
101 441 405 520 quidemparvasque,
423 449 477 504 sed
492 450 581 504 laetas
598 459 627 504 et
638 449 797 518 jucundas,
815 447 939 504 libenter
949 445 1065 517 accepi:

35 545 115 591 testes
131 549 199 590 sunt
214 555 275 592 non
292 540 381 592 modo
398 539 464 592 fidei
481 551 509 594 et
525 540 671 608 veritatis,
683 557 764 611 quae
781 541 810 594 in
828 549 895 594 tuae
907 538 950 592 D.
967 538 1065 595 animo

34 642 80 696 per
93 627 241 681 Christum
256 629 395 682 suscitata
416 637 478 696 est,
503 629 556 682 sed
582 640 611 682 et
635 630 752 684 alterius
769 628 923 698 cujusdam
940 625 1065 682 Abbatis

35 715 208 785 innominati,
231 734 327 788 aeque
344 718 518 772 venerabilis
535 719 564 774 in
581 719 702 776 Christo
718 721 816 786 senis,
842 719 928 789 cujus
943 718 1064 772 nomine

34 821 104 860 ame
120 808 192 878 petit
208 808 251 862 D.
268 808 308 862 T.
326 809 481 862 consitium
505 818 533 862 et
549 792 685 864 solatium
709 811 738 864 in
756 810 927 880 quaestione
947 807 1066 863 consci.

34 896 126 952 entiae.
158 875 303 968 Primum,
310 899 414 967 gratias
431 915 485 968 ago
501 898 590 968 Deo,
608 899 688 955 Patri
705 911 820 966 nostro,
836 917 891 971 per
903 898 1065 966 Christum,
1124 874 1131 890 ι

34 986 77 1055 qui
90 987 213 1042 uerbum
229 1004 321 1050 suum,
333 989 420 1048 etiam
434 989 472 1044 e‘u
495 987 553 1044 isto
570 989 676 1058 angulo
700 1001 728 1043 et
744 989 801 1044 fine
822 999 916 1046 terrae
934 990 1065 1058 dignatus

33 1087 70 1129 est
84 1077 264 1148 glorificare,
286 1087 314 1131 et
331 1095 404 1146 oro,
422 1067 471 1146 ut,
488 1078 569 1148 quod
585 1079 861 1133 misericordissime
878 1079 995 1148 coepit,
1015 1073 1068 1130 be.'

32 1166 187 1244 nignissime
206 1177 236 1221 et
252 1167 474 1236 opulentissime
486 1168 616 1239 perficiat
632 1169 661 1222 io
674 1169 761 1224 vobis
779 1163 866 1222 siniul
882 1181 912 1221 et
927 1167 1064 1222 omnibns

30 1255 126 1324 nobis,
149 1259 257 1312 Amen.
289 1256 359 1310 Jam
385 1258 465 1327 quod
488 1257 524 1311 ad
547 1259 751 1337 quaestionem
774 1258 894 1323 attinet,
918 1255 1065 1324 arbitror,

29 1344 114 1402 viraun
131 1346 218 1400 istum
236 1346 440 1416 securissime,
466 1347 527 1400 imo
544 1363 614 1400 cum
631 1363 736 1416 magno
754 1334 854 1400 fructu
872 1347 901 1400 in
915 1338 1065 1406 monastei

30 1433 68 1488 rio'
82 1452 168 1504 posse
185 1453 324 1502 manere,
350 1433 588 1507 qnandoquidem
606 1437 650 1492 sic
667 1427 716 1491 res
733 1435 841 1504 babet,
865 1445 897 1490 ut
912 1433 1011 1508 neque
1029 1435 1065 1490 ad

31 1523 123 1594 impias
140 1526 246 1580 missas
263 1535 313 1579 aut
330 1527 421 1580 ullum
437 1527 513 1580 aliud
530 1521 606 1598 opu's
624 1525 690 1580 fidei
708 1525 906 1580 adversarium
925 1534 1064 1596 cogatur,

28 1615 122 1670 deinde
138 1617 278 1671 fratribus
295 1617 408 1674 seruire
424 1617 527 1684 liceat,
551 1616 616 1672 sive
631 1617 728 1685 egredi
747 1615 809 1672 sive
826 1632 945 1672 manere
962 1617 1065 1672 volan.

27 1703 113 1774 tibus,
137 1705 245 1776 quibus
269 1708 297 1761 in
318 1705 443 1759 Christo
466 1705 591 1774 serviat,
614 1707 662 1759 vel
686 1721 756 1760 cum
779 1706 916 1775 fratribus
938 1707 1064 1776 legendo

27 1795 203 1868 Scripturas,
222 1797 269 1850 vel
287 1796 397 1850 orando
415 1796 501 1851 etiam
518 1795 595 1866 ipsas
612 1795 703 1851 horas
721 1797 880 1851 canonicas
899 1797 1021 1863 (modo,
1039 1795 1065 1850 si

27 1903 75 1956 qua
106 1888 221 1958 impura
245 1898 326 1942 extra
348 1886 481 1958 psalmos
508 1897 536 1941 et
558 1887 726 1958 Scripturas
752 1897 782 1942 et
808 1888 950 1942 collectas
974 1887 1068 1942 mixta

28 1978 143 2046 inerint,
162 1977 309 2040 omittant)
328 1988 357 2031 et
375 1979 534 2048 coenamss)
553 1978 674 2034 Domini
690 1979 950 2032 communicando.
984 1977 1066 2052 Quid
1079 2039 1091 2056 .·

28 2068 96 2121 enirn
113 2068 194 2122 obsit
205 2065 374 2122 monasterii
386 2067 589 2134 conversatio,
606 2067 657 2120 ubi
674 2067 793 2122 libertas
810 2068 930 2136 spiritus
944 2069 1066 2135 regnat?
1141 2120 1148 2138 ,

26 2156 125 2213 Paulus
140 2173 210 2212 cum
227 2158 334 2234 infideli
346 2157 530 2214 Christianos
547 2155 635 2210 edere
647 2172 737 2226 posse
748 2157 881 2210 decrevit
897 2164 922 2211 1.
935 2158 1005 2211 Cor.
1019 2164 1044 2210 8.
1056 2196 1067 2225 ,
1104 2213 1114 2230 ι

28 2247 101 2302 etiam
120 2248 146 2304 si
164 2248 327 2318 idolothyta
352 2248 414 2318 ipsa
431 2246 541 2314 ederit,
565 2246 658 2300 libera
675 2246 875 2313 conscientia,
900 2259 982 2302 certe
1000 2263 1065 2303 sua.
1097 2309 1099 2312 ¹

27 2335 159 2411 Denique
174 2337 285 2392 nollem
302 2337 459 2391 consulere
483 2336 649 2390 discessum
675 2350 691 2387 a
712 2337 893 2392 monasterio
917 2336 1064 2406 ejusmodi
1125 2367 1129 2384 ·

26 2428 136 2484 senibus
153 2428 245 2493 viris,
264 2427 417 2497 primurn,
443 2426 525 2497 quod
548 2425 621 2479 foris
639 2427 716 2480 forte
740 2425 802 2480 aliis
819 2439 1064 2495 graves-essent,
1095 2495 1099 2500 1

24 2527 49 2570 et
64 2520 112 2574 vix
128 2519 332 2585 inveniantur,
350 2516 400 2587 qui
418 2507 471 2569 'eos
483 2525 603 2582 curent,
622 2515 871 2585 quemadmodum
887 2517 964 2586 digni
982 2520 1065 2584 sunt,

22 2619 136 2679 etopus
148 2608 257 2662 habent
274 2607 303 2662 in
320 2606 377 2662 isto
395 2606 503 2676 frigore
516 2605 661 2660 caritatis:
678 2603 752 2660 intra
766 2623 840 2660 vero
850 2607 1064 2662 monasterium

20 2700 119 2754 nemini
137 2711 244 2767 graves
262 2705 350 2764 suot,
374 2711 431 2774 pec
456 2681 548 2748 aliena
566 2709 637 2748 cura
660 2711 737 2766 opus
761 2694 887 2764 habent,
912 2707 976 2751 turn
1001 2697 1074 2752 aliis·

21 2789 139 2842 multum
163 2787 198 2840 ad
215 2786 338 2855 salutem
355 2785 497 2856 prodesse
517 2792 659 2853 possunt,
685 2785 765 2854 quod
788 2784 859 2840 foris
883 2786 978 2854 forte,
1003 2787 1063 2840 imo

21 2889 113 2942 certe,
136 2893 199 2931 non
224 2883 360 2945 posstrnt.
402 2872 503 2947 Quare
528 2871 694 2926 honaberis
720 2869 863 2946 optimum
889 2875 1003 2943 virum,
1031 2888 1065 2930 ut
1092 2873 1097 2884 “

18 2978 127 3023 maneat
147 2983 202 3034 eo,
223 2981 284 3036 quo
302 2973 362 3031 est,
385 2963 472 3028 loco,
499 2972 529 3015 et
546 2963 648 3030 faciat,
675 2964 755 3033 quod
773 2964 859 3032 facit,
885 2965 915 3018 in
930 2963 1064 3034 libertate
1089 3033 1093 3040 ι

17 3059 149 3128 spiritus:
167 3055 211 3112 sic
229 3053 307 3108 enim
321 3049 471 3118 nonsibi,
489 3049 542 3104 sed
560 3049 697 3105 fratribus
715 3051 819 3105 deinde
837 3052 971 3122 perficiet
989 3055 1066 3107 mul.¹

17 3157 73 3202 turn
90 3149 120 3202 in
133 3145 262 3211 munde,
280 3157 310 3196 et
322 3159 381 3214 per
391 3140 488 3196 omnia
500 3138 619 3195 Christo
632 3157 752 3212 quoque
767 3143 930 3197 rectissime
943 3144 1063 3212 serviet,

17 3249 41 3290 et
56 3237 132 3290 laeta
152 3250 186 3288 ac
204 3249 307 3288 serena
324 3229 507 3285 conscientia
524 3219 681 3282 adventum
703 3229 768 3298 ejus
793 3241 823 3284 et
840 3230 1017 3288 desiderabit
1035 3245 1066 3308 et

18 3324 210 3395 exspectabit.
246 3321 332 3382 ¹Nam
356 3329 385 3374 et
411 3335 468 3386 ego
493 3317 539 3372 sic
567 3317 732 3387 aliquandiu
755 3318 833 3387 vixi,
862 3321 1081 3394 vixissentque»

16 3411 120 3472 diutius
141 3424 171 3468 et
188 3413 284 3467 adhuc
300 3408 389 3462 hodie
399 3447 409 3474 ‚
434 3409 458 3460 si
476 3407 582 3458 fratres
603 3414 632 3458 et
648 3406 779 3460 conditio
796 3411 969 3465 monasterii
986 3415 1066 3484 passi

15 3505 149 3561 inissent.
180 3501 285 3558 Gratia
302 3496 412 3555 Christi
429 3497 469 3550 sit
486 3509 555 3547 cnm
573 3493 711 3554 omnibus
728 3496 833 3565 vobis,
860 3512 888 3552 et
909 3511 991 3554 orate
1008 3505 1064 3574 p'ro

14 3595 95 3649 nobis
115 3605 146 3647 ct
161 3601 221 3660 tota
232 3581 370 3646 Ecclesia
380 3584 452 3642 Dei.
488 3581 713 3652 Witenbergae,
730 3586 887 3655 penultima
903 3588 1065 3658 Februarii,

14 3681 230 3740 MDXXVIIL·

497 3751 541 3807 T.
559 3747 601 3806 D.
618 3768 723 3810 servus
741 3753 890 3816 Martinus
903 3755 1030 3832 Lutber.
1055 3739 1068 3786 Γ

54 3971 76 4020 tt
92 3962 145 4015 vit
157 3923 281 4016 bisatida
291 3959 330 4042 pit
343 3957 488 4016 tauronto
506 3954 546 4009 bnt
559 3962 642 4026 coeuq,

1006 3949 1011 3955 ι
1065 3949 1074 3974 ⁸
1160 3939 1163 3950 ¹
