2650 4586
407 379 446 400 „.
501 299 591 372 aar.

47 447 155 522 gelistaa.
185 456 251 513 into
262 475 324 514 non
334 453 549 530 narrationem,
565 461 616 515 sed
634 446 922 536 tempus'narmntis',
941 453 1068 524 seilicet3

48 545 293 616 quiaEvangeliste
318 551 403 617 ionga
429 559 498 620 post
521 567 644 604 coenam
669 535 780 616 narrat,
805 548 922 617 cogitur
946 557 1067 617 propter
1154 575 1160 599 t

47 635 157 704 elapsum
173 641 287 708 tenipus
303 640 561 710 verbopraeteriti
578 641 638 706 nti,
662 639 742 710 quod
759 651 791 692 tu
806 637 979 710 paralogista
996 653 1068 694 con.

46 724 125 784 fundis
140 726 167 779 in
182 727 275 796 ipsam
291 729 437 782 actionem
449 728 559 783 Christi
576 738 642 782 ante
654 738 772 802 ternpus
783 727 971 798 praeteritum
984 743 1066 797 prae.
1139 741 1141 746 ·

25 809 27 822 '
47 825 128 866 senter
141 815 256 870 factum.
288 815 357 872 Nec
375 817 504 886 cogitas,
522 818 546 872 si
558 815 746 886 Evangelista
763 817 909 887 potuisset
924 830 1066 888 praesens

46 914 206 971 praesentem
231 906 379 962 actionem
396 907 583 972 describere,
607 925 668 962 non
689 907 792 962 fuisset
814 906 945 960 dicturus
963 906 1065 974 dedit,

46 994 86 1045 sed
101 995 153 1049 sic:
168 997 261 1050 Jesus
278 995 394 1068 accipit
409 1004 439 1050 et
454 996 537 1064 dat,
549 995 656 1051 dicens
672 996 804 1067 accipite
821 1005 878 1049 etc.
912 996 963 1050 'I'u
980 996 1066 1064 igitur

45 1081 65 1134 vi
68 1083 178 1138 detuum
187 1085 402 1155 syllogismum,
411 1086 461 1158 qni
473 1096 631 1157 atempore
643 1085 737 1154 arguis
747 1085 782 1138 ad
790 1099 877 1156 opus,
890 1101 923 1137 ac
937 1099 961 1138 si
954 1084 1063 1140 dicas.

45 1168 209 1240 Evangeiista
226 1175 276 1227 diu
292 1184 362 1244 post
384 1174 422 1228 ita
439 1175 575 1244 scripsit,
603 1191 673 1242 ergo
691 1174 828 1228 Christus
853 1182 922 1231 tunc
947 1174 994 1232 sic
1005 1191 1066 1228 non
1153 1221 1156 1228 .

45 1259 114 1328 ferit,
138 1263 202 1334 quia
229 1259 308 1318 ille'
302 1283 331 1320 m
354 1265 512 1336 praeterito
537 1265 676 1334 scripsit,
702 1263 779 1318 dedit
803 1263 890 1332 igitur
912 1261 1066 1328 Christus,

44 1363 192 1416 praesenter
207 1365 267 1408 non
284 1353 341 1407 dat.
374 1354 506 1422 Mirum,
529 1354 681 1425 quomodo
700 1353 813 1427 possint
837 1362 896 1408 tam
913 1351 996 1408 nihili
1014 1371 1066 1405 co.

43 1437 172 1506 gitationes
188 1443 241 1498 tihi
258 1459 438 1512 occurrere,
455 1443 547 1512 magis
560 1443 668 1496 mirum
677 1481 687 1510 ,
703 1453 733 1496 te
750 1443 793 1496 sic
811 1443 866 1496 iliis
885 1442 977 1504 inniti.
1009 1435 1066 1496 Fu.

43 1527 89 1582 sius
109 1530 153 1584 illa
169 1531 248 1599 dixi,
273 1532 341 1604 quia
357 1529 445 1591 video
461 1543 491 1586 te
509 1531 599 1596 fidere
623 1541 652 1586 et
668 1533 755 1586 multa
772 1532 822 1588 hic
833 1530 964 1613 jactare,
990 1547 1065 1602 qnae
1083 1536 1088 1545 '

42 1627 117 1673 tamen
139 1622 206 1682 solo
236 1621 331 1676 verbo
362 1621 495 1692 accipite
527 1621 623 1690 statim
647 1621 868 1689 confutassem,
885 1621 955 1680 ‚sed
984 1621 1065 1676 volui

41 1706 192 1788 lateioqui,
209 1729 247 1774 ne
263 1721 381 1783 putares
397 1722 427 1766 te
445 1720 628 1767 contemtum
645 1710 674 1764 in
691 1721 743 1766 tuo
760 1712 956 1783 multiloquio.

89 1797 156 1858 Post
171 1803 249 1858 haec
265 1802 300 1856 de
319 1819 444 1872 persona
454 1802 547 1857 dantis
565 1802 717 1871 disputas,
731 1802 832 1858 multis
848 1803 947 1860 verbis
965 1819 1064 1872 agens,

41 1888 168 1946 Christum
196 1908 263 1950 esse
285 1893 407 1948 unicum
432 1891 512 1946 illum
539 1901 568 1948 et
592 1892 735 1961 insignem
760 1892 859 1959 ilium,
880 1893 932 1963 ·qui
949 1907 1065 1964 corpus

41 1983 188 2038 suum'dat.
230 1982 325 2058 Quasi
347 1982 409 2038 hoc
424 1982 511 2046 ,ullas
538 1981 652 2050 ignoret
675 1991 723 2036 aut
746 1983 877 2050 dubitet,
902 1999 970 2038 curu
993 1984 1085 2038 satis*

40 2069 111 2138 scias,
127 2087 181 2126 uos
197 2073 281 2144 plane
292 2072 402 2126 sentire
415 2081 445 2125 et
456 2071 585 2138 docere,
601 2069 753 2126 Christum
765 2072 888 2126 solnm'
881 2085 980 2143 ipsum
997 2089 1066 2128 esse

41 2155 149 2217 datorem
174 2163 221 2248 sui
245 2161 380 2232 corporis
404 2161 435 2216 in
458 2177 559 2216 coena.
594 2160 703 2232 Neque
726 2155 804 2214 enim
829 2161 906 2217 ullus
929 2171 1066 2216 nostrum

41 2245 119 2304 dicit
112 2271 139 2307 m
156 2269 286 2324 persona
303 2267 371 2306 sna·
392 2251 554 2322 Accipite,
579 2249 639 2304 hoc
663 2257 710 2304 est
726 2265 843 2321 corpus
857 2267 979 2308 nucum.-
1004 2253 1065 2308 imo

40 2341 116 2396 nullus
133 2344 221 2398 dicit·
244 2341 404 2414 Accipite,
420 2341 479 2396 hoc
496 2347 543 2394 est
559 2355 676 2411 eorpus
694 2339 832 2408 Christi,
857 2342 911 2395 sed
928 2325 1064 2398 Christus

38 2429 161 2503 loquitur,
187 2443 219 2489 et
242 2449 358 2504 corpus
374 2449 477 2501 meum
500 2431 586 2498 dicit,
611 2431 752 2485 mandans
776 2431 863 2502 nobis
888 2431 931 2486 sio
955 2431 1077 2487 dicere.-

40 2517 102 2588 Quid
116 2535 159 2578 est
175 2523 282 2592 igitur,
307 2525 389 2594 quod
410 2523 446 2576 ita
463 2521 586 2593 copiose
604 2522 815 2590 argumentaris
828 2537 873 2584 „a
895 2522 981 2576 nobis
1005 2523 1066 2578 dari

37 2626 129 2682 corpus
147 2613 276 2682 Christi,
302 2629 371 2668 cum
388 2611 441 2666 tibi
457 2610 556 2682 potius
574 2610 758 2680 probandum
775 2612 888 2680 tuerat,
913 2610 1066 2692 Christum
1121 2673 1131 2681 ,

37 2716 82 2754 uon
106 2705 173 2759 dare
202 2719 312 2774 corpus
340 2717 429 2756 sunm
455 2719 508 2771 per
535 2717 591 2754 nos
620 2700 759 2771 tanquam
780 2717 841 2771 per
869 2719 976 2770 organa
1003 2719 1066 2761 sua.
1097 2713 1099 2718 '

38 2788 173 2850 Nonneet
191 2795 370 2864 baptismum
386 2807 474 2846 suum
492 2791 539 2844 dat
557 2791 619 2862 ipse
638 2777 719 2846 solus
745 2801 779 2845 et
791 2793 911 2862 unicus,
935 2795 988 2848 sed
1013 2811 1067 2866 per

37 2887 98 2938 nos?
127 2885 242 2940 Nonne
259 2881 380 2938 remittit
394 2878 519 2952 peccata
542 2881 624 2934 solus
647 2880 712 2949 ipse
736 2867 912 2950 et‘unicus,
936 2885 989 2938 sed
1013 2893 1092 2953 per'

37 2976 96 3029 nos?
126 2957 338 3030 Nonne'sorus
356 2971 445 3044 docet
455 2969 651 3038 Evangelium
667 2979 697 3022 et
714 2971 863 3038 praedicat
881 2982 911 3024 et
927 2973 1067 3026 exhorta-¹

37 3069 71 3113 tur
84 3067 127 3130 (ut
139 3066 178 3120 ait
186 3063 325 3129 Paulus),
342 3061 395 3116 sed
411 3077 465 3131 per
481 3061 558 3114 nos?
588 3058 698 3114 Nonne
717 3057 799 3113 solus
810 3059 875 3130 ipse
888 3061 936 3114 dat
949 3061 1075 3132 cibum,

36 3165 119 3218 potum
137 3165 167 3209 et
184 3161 318 3218 vestem,
333 3164 491 3216 uxorem,
508 3147 631 3202 domum
648 3156 677 3200 et
694 3147 789 3202 omnia
799 3187 808 3214 ,
832 3148 885 3203 sed
901 3151 997 3204 t'amen
1014 3162 1074 3222 per,
1099 3167 1101 3170 ·

36 3240 91 3296 aiios
116 3253 260 3312 tanquam
288 3235 501 3296 instrumenta?
536 3235 637 3310 Quare
661 3251 722 3288 non
748 3251 832 3306 opus,
850 3247 911 3292 erat
939 3239 1066 3310 dooere,

37 3327 170 3390 Christum
187 3329 285 3385 solum
302 3343 386 3392 esse,
413 3326 463 3396 qui
480 3325 527 3386 dat
544 3322 777 3394 corprrstdum,
804 3325 863 3380 hoc
883 3329 962 3410 enim
976 3347 1066 3388 nemo
1096 3343 1111 3368 ³

35 3433 111 3487 negat.
145 3420 207 3488 Sed
222 3419 309 3474 istam
323 3414 566 3485 consequentiam
578 3411 706 3470 debebas
719 3413 868 3483 probare,
884 3433 971 3488 quarn
984 3437 1068 3491 prae.

36 3511 159 3584 supponis
180 3509 287 3570 'esaon
302 3505 430 3578 probas,
447 3503 559 3562 scilicet
576 3502 657 3572 quod
673 3519 727 3573 per
742 3502 880 3559 homines
897 3524 956 3562 non
973 3511 1069 3580 possit

34 3595 88 3653 dare
110 3611 224 3670 corpus
247 3611 361 3672 suurn„
380 3607 449 3646 cum
468 3591 564 3644 omnia
582 3591 635 3644 alia
652 3589 699 3644 det
718 3609 771 3661 per
789 3592 943 3663 homines,
957 3599 1079 3668 ipsum
1121 3647 1122 3651 ,

34 3685 109 3742 tilium
125 3687 242 3743 dederit
258 3701 310 3756 per
325 3682 470 3751 virginem
485 3679 630 3748 Mariam,
655 3691 684 3733 et
709 3681 803 3750 ipsam
819 3683 998 3739 divinitatem
1015 3688 1068 3743 de

34 3772 92 3832 derit
114 3795 171 3850 per
196 3771 415 3830 humanitatem
449 3769 560 3828 Verum
585 3778 631 3820 tua
654 3779 823 3837 argumenta
840 3783 911 3826 sunt
934 3776 1066 3843 quaesita
1163 3795 1164 3798 ¹

35 3867 113 3930 potius
131 3864 291 3922 resistendi
303 3861 423 3928 studio,
450 3875 540 3930 quam
563 3857 658 3912 oblata
683 3867 732 3911 aut
753 3860 903 3913 moventia
926 3863 1064 3918 affectum
1145 3883 1151 3891 ·

34 3952 160 4022 discendi.
198 3953 310 4024 Eadem
325 3951 439 4008 ratione
455 3963 596 4020 negares,
621 3941 759 4020 Spiritum
779 3957 914 4008 sarnetum
931 3967 998 4007 esse
1016 3956 1066 4009 da.
