2646 4588
273 356 275 364 ,
440 265 616 345 ,im
729 267 733 279 ’
818 302 823 321 κ’
1006 264 1090 336 1393
1188 273 1190 278 ’

53 413 131 474 ridet
142 425 170 474 et
179 419 325 488 Ratrerai
343 434 346 443 ·
357 419 479 496 Nempe
496 411 889 498 et'i'biiippusmiJestatem
900 415 930 478 et
940 415 1054 488 secreta
1065 423 1089 486 1)

53 508 262 581 Patrisairiera
280 513 389 579 aaran,
408 529 496 584 quam
510 515 536 580 2)
554 526 634 570 esset
649 514 896 586 promissionibus
915 512 1105 586 praeceptis„
1169 527 1173 542 ·

54 615 106 668 que
121 601 208 674 Deus
224 602 311 670 longe
329 619 416 673 supra
433 605 595 660 Christum.
629 606 676 660 Sic
695 615 723 662 et
738 602 768 672 3)
786 605 903 675 sapiens
921 603 1007 657 dicit:
1028 601 1091 658 Aia

51 688 133 742 tiora
158 695 187 742 te
210 706 249 742 ne
270 691 460 769 quaesieris,
485 693 542 746 sed
561 710 644 767 quae
666 701 838 764 praerepta
866 699 942 748 sunt
963 691 1091 762 assidue

53 775 160 850 sopita}
179 772 208 845 ⁴)
241 780 279 834 Et
296 780 388 849 finge,
415 799 548 852 quaeso,
573 799 628 838 nos
652 783 731 838 scire
749 785 882 852 jamista
901 782 1014 852 judicia
1029 779 1090 848 Dei

54 870 181 936 occulta,
198 859 227 934 ⁵)
251 871 320 939 quid
345 871 458 938 fructus
475 873 622 928 adferrent
638 873 712 928 ultra
729 873 883 944 praecepta
901 883 928 928 et
944 871 1092 955 promissa

53 957 127 1013 Dei?
163 957 235 1012 iside
253 955 339 1028 igitur
355 969 385 1014 et
402 959 489 1016 dicito
502 961 557 1028 iiii,
573 963 599 1016 ‘si
610 953 714 1033 paceni
725 963 807 1016 voiet
817 961 928 1016 habere
941 961 1052 1028 cordis,
1063 951 1090 1025 6)

53 1061 82 1098 ac
99 1048 190 1106 vitare
207 1037 237 1113 ⁷)
254 1049 382 1119 pericula
397 1034 642 1118 biaspirenriae'et
659 1049 889 1120 desperationis,
909 1049 1095 1128 cogitationi.¹

53 1135 103 1190 bus
119 1122 286 1192 istiusmodi
302 1139 462 1208 abstineat,
486 1157 556 1194 euin
580 1139 655 1194 sciat
673 1149 757 1194 certo
774 1127 1091 1209 incomprehensibiles

53 1241 122 1279 esse.
160 1226 239 1300 Quid
257 1227 342 1296 igitur
359 1229 470 1297 fatigari
488 1246 520 1284 se
539 1230 606 1284 sinit
623 1246 638 1281 a
656 1229 827 1296 Sanmite,
850 1245 924 1298 quae
949 1235 1018 1282 sunt
1038 1227 1091 1279 im.

52 1315 214 1385 possibiiiai
231 1326 368 1389 tanquam
387 1319 411 1372 si
430 1321 494 1390 quis
512 1319 645 1374 solicitus
664 1319 721 1386 sit,
739 1319 890 1390 quomodo
907 1328 982 1372 tetra
1000 1333 1092 1387 super

54 1423 136 1475 aquas
155 1408 319 1462 consutere
336 1409 449 1479 possit,
473 1425 511 1464 ne
535 1410 736 1478 demergatur,
761 1420 810 1462 aur
826 1409 882 1462 tale
900 1407 992 1480 quid?
1024 1406 1092 1462 Pri.

52 1510 125 1550 mum
144 1511 219 1550 vero
237 1509 375 1552 exerceat
392 1497 479 1554 fidem
493 1499 696 1570 promissionis
710 1510 739 1553 et
751 1515 839 1568 opera
852 1508 1091 1570 praeceptorum,

53 1587 153 1655 quibus
176 1589 335 1656 perfectis,
361 1587 471 1642 ridebit
494 1599 531 1642 ari
554 1589 785 1660 impossibilibus
812 1588 951 1660 occupari
968 1589 1090 1649 ,debean
1169 1617 1181 1645 ι,

51 1677 77 1732 Si
93 1679 148 1732 ista
164 1695 224 1730 non
242 1673 507 1747 audierit,'videat,
526 1696 562 1732 ne
580 1695 649 1734 sero
668 1678 832 1750 paeniteat,
851 1695 920 1732 oum
936 1678 1012 1741 aiiud
1029 1695 1091 1734 non

53 1767 86 1820 sit
97 1769 278 1837 remedium,
290 1785 384 1839 ¹quam
402 1769 456 1824 ista
472 1761 619 1838 negligere
632 1771 765 1839 cogitata.
800 1768 977 1842 Quanquam
989 1769 1093 1824 Satana
1153 1771 1154 1776 ’

53 1871 184 1926 urgente,
207 1858 265 1915 sint
282 1857 446 1930 difficillima
462 1859 613 1928 neglectu,
637 1859 804 1914 necessaria
821 1859 898 1913 enirn
916 1861 981 1914 iacit
995 1853 1025 1925 ⁸)
1044 1859 1092 1914 illa

32 1959 33 1970 ¹
53 1959 185 2002 scrutatu.
211 1948 292 2002 «ideo
310 1965 369 2002 non
384 1949 481 2002 minus
497 1949 548 2004 hio
568 1951 754 2020 pugnandum
772 1958 817 2004 est
834 1965 903 2004 oum
919 1959 1091 2017 contemtu,

54 2055 134 2108 quam
153 2055 225 2092 oum
242 2038 416 2106 diffidentia,
440 2039 664 2108 desperatione,
689 2037 822 2106 haeresi,
846 2050 894 2094 aut
917 2041 968 2094 aiia
987 2041 1091 2112 quavis

53 2119 218 2184 tentatione.
252 2129 384 2188 Maxima
403 2145 468 2200 pars
486 2131 605 2196 fallitur,
628 2129 709 2200 quod
725 2147 784 2184 non
801 2131 925 2184 credunt
940 2129 994 2184 has
1012 2130 1092 2198 cogi.

54 2210 223 2294 ariones9)
246 2219 507 2274 esseteutatioues
525 2219 662 2286 Satanae,
689 2218 755 2271 ideo
781 2233 944 2272 nernonon
961 2217 1001 2283 ¹⁰)
1029 2223 1091 2272 sere
1145 2277 1152 2284 p
1209 2219 1212 2242 ¹

54 2325 97 2363 eas
113 2311 294 2376 contemnit,
318 2320 367 2364 aut
378 2301 416 2364 'ut
432 2313 602 2364 contemnat
617 2318 738 2378 pugnat,
761 2301 829 2360 oum
855 2308 919 2361 iliae
938 2301 1016 2378 ipsae
1033 2307 1091 2362 sint

54 2399 105 2452 teia
120 2401 175 2455 ista
192 2398 279 2468 ignita
294 2399 541 2470 nequissimarum
557 2383 752 2468 noq'uitiarum
769 2396 960 2468 spiritualium
978 2398 1006 2450 in
1023 2412 1093 2450 cor.
1131 2419 1133 2436 ι

54 2489 184 2544 iestibus
201 2489 238 2560 ¹¹)
270 2489 347 2546 Nam
364 2508 418 2562 per
434 2506 483 2544 eas
501 2489 607 2546 cecidit
623 2489 708 2543 Satan
726 2487 763 2543 de
780 2488 884 2557 coeio,
909 2489 978 2545 dunt
995 2487 1091 2542 voluit

53 2579 148 2636 similis
174 2594 242 2634 esse
266 2579 424 2648 altissimo,
441 2579 604 2651 ¹omniaque
627 2593 732 2644 nosse,
759 2595 832 2649 quae
856 2578 941 2633 Deus
967 2589 1090 2646 nosset,

53 2686 108 2722 non
131 2676 292 2722 contentus
315 2684 423 2736 nosse,
449 2684 523 2738 quae
546 2683 635 2722 nosse
659 2668 800 2738 oportuit.
835 2667 911 2736 Fuga
934 2668 1020 2737 igitur
1040 2667 1092 2722 hio

53 2759 238 2829 pugnandum
251 2759 291 2824 1²)
308 2770 370 2825 est,
388 2769 416 2812 et
434 2758 604 2828 sapiendum
621 2775 681 2812 non
698 2757 763 2830 pius
781 2775 868 2828 quam
886 2767 1038 2829 oporteat,
1051 2755 1091 2824 13)

54 2851 102 2903 sed
115 2851 156 2924 ad
171 2844 378 2903 sobrietatem:
400 2847 481 2919 quod
499 2847 625 2920 quinon
642 2847 764 2914 iecerit,
788 2845 977 2918 opprimetur.
1012 2845 1092 2900 Nam

55 2937 189 2993 Christus
206 2937 406 3010 cogitarinort
427 2945 541 3008 potest,
566 2936 623 2990 iiiis
647 2935 868 3004 cogitationibus
894 2935 1090 3004 regnantibus.
1138 2989 1144 2996 ,
1172 2978 1175 2987 .

55 3027 98 3082 Sic
116 3029 214 3083 Adam
230 3025 404 3098 prostravit,
430 3027 500 3080 dum
524 3042 580 3080 una
599 3025 703 3079 arbore
720 3023 867 3094 prohibita
883 3034 1006 3078 vexaret
1023 3040 1091 3080 eum

54 3117 86 3170 de
103 3118 245 3190 sapientia
262 3134 296 3172 ao
312 3117 461 3174 voluntate
477 3115 547 3172 Dei.
564 3107 605 3181 ¹¹⁵)
638 3115 772 3178 Summa,
798 3113 874 3184 h'aeo
894 3123 943 3192 est¹
953 3113 1090 3186 princeps

54 3209 172 3268 tentatio
190 3191 220 3262 ei
234 3208 355 3280 proprie
373 3205 529 3273 diabolica,
557 3205 623 3258 ideo
639 3205 765 3258 humana
782 3203 939 3274 tentatione
958 3204 1027 3258 satis
1045 3213 1092 3259 est
1121 3199 1124 3205 ’

55 3299 165 3354 tentari.
199 3297 359 3353 Paridem
381 3295 575 3374 respondebis
600 3295 680 3350 alteri
702 3295 880 3374 quaestioni,
906 3304 939 3349 ut
957 3293 1091 3354 ille-coni
1135 3358 1139 3366 ,

55 3461 574 3490 -ι--ι--ι--μ--ιι--ι-μι-*ι

100 3575 119 3624 i)
133 3571 194 3621 ¹(iod.
205 3569 276 3618 Goth.
289 3571 439 3616 societatem.
481 3568 713 3628 iiffitbtisraaasi.
754 3571 775 3626 3)
791 3569 815 3618 c.
826 3571 1089 3628 G.-quamessetetr.
1181 3583 1189 3615 ς

55 3645 74 3695 ti
89 3645 112 3690 ὓ,
121 3647 148 3692 G.
159 3647 233 3690 -sed
246 3657 305 3708 quae
318 3649 364 3690 etr.
406 3647 432 3696 5)
445 3644 470 3691 c,
481 3645 507 3689 G.
521 3643 552 3688 Et
564 3645 626 3701 tinge
639 3656 684 3690 nos
698 3643 759 3688 srire
772 3644 851 3688 onnia
865 3643 910 3690 ista
924 3646 1017 3705 poculis
1026 3645 1091 3696 judi=
1112 3691 1115 3700 ,

56 3719 89 3762 ria
101 3717 156 3764 Dei.
179 3719 240 3764 cod.
255 3717 331 3762 Closs.
346 3716 497 3774 titiniano
511 3718 562 3764 aui.
610 3719 633 3762 6)
648 3717 673 3762 c.
687 3719 714 3764 G.
728 3717 748 3761 si
762 3729 783 3772 p.
799 3729 818 3762 o.
832 3717 920 3764 habere
933 3719 992 3762 vuit.
1019 3717 1088 3762 c.ci.

58 3793 120 3838 velit.
168 3793 229 3844 iio.
244 3791 469 3856 G.'videre,iaiidt.
514 3793 536 3844 8)
551 3789 708 3844 Coldrl.†iiie
721 3794 847 3858 scrutator.
892 3793 913 3842 9)
929 3791 1091 3836 cementa:

57 3865 142 3911 tiones.
191 3864 401 3914 iustiti—non.
422 3863 694 3922 Getideonouvere.
743 3861 1089 3915 assentiabamus.
1188 3887 1190 3896 r

57 3940 86 3992 12)
100 3939 126 3984 c.
141 3939 162 3983 G
182 3927 390 3994 praeservandam.
447 3939 480 3986 ts>
494 3937 519 3992 c„
535 3936 569 3987 ck
588 3937 689 3994 oportet
744 3937 777 3991 it)
790 3935 849 3996 eta.
863 3938 878 3989 i
890 3935 971 3986 Satan
