2650 4586
419 259 426 290 Ι
443 301 447 308 ι

52 454 171 531 infirmis,
191 471 220 520 οι
237 465 285 536 qui
302 481 363 522 non
379 473 506 535 cogunt,
523 485 619 538 neque
632 467 818 538 impugnant,
833 461 926 537 plistu
937 479 991 536 pro
1004 463 1073 534 ipsis

53 554 172 608 docendis
189 565 220 610 ct
245 556 460 630 lucrifaciendis
483 557 628 612 interdum
651 558 763 630 omitti,
780 541 865 612 ‘sicut
887 557 997 612 Paulus
1020 554 1077 607 cir.

53 643 220 699 concidebat
234 644 452 714 Timotheum,
467 646 517 701 ubi
535 639 659 702 docendi
677 633 758 702 erant
771 645 893 714 sudaei,
911 647 961 700 sed
974 645 1077 700 Titum

51 745 157 789 nonest
173 749 278 806 passus
297 735 490 804 circumcidi,
515 737 565 792 ubl
588 738 767 808 engebertum*
788 747 818 792 et
831 737 957 794 Petrum
978 751 1078 808 repre.

51 822 198 892 hendebst,
222 825 303 895 quod
327 835 429 894 gentes
446 827 543 894 coegit
562 826 721 896 judaisare.
756 827 831 879 eun
857 817 942 895 igitur
957 823 1079 898 tyranni

508 299 597 376 ιιιι.
741 357 780 390 ‚f
895 281 897 292 '
1017 305 1229 379 ιιι.·

53 913 172 968 uonhoc
187 913 283 982 agant,
299 925 332 969 ut
351 926 489 1002 tanquam
506 915 611 970 infirmi
630 917 752 984 discant,
769 917 821 970 sed
837 927 868 969 ut
886 915 963 970 servi
980 915 1077 985 Papae
1164 933 1166 938 ·

54 1001 203 1058 erministri
222 1005 343 1059 Samnite
369 1005 529 1060 extinctam
553 1005 657 1062 volunt
680 1005 847 1090 libertatem
867 1015 1078 1060 nostrumne
1149 999 1154 1012 '

53 1093 101 1161 pilo
117 1093 230 1164 quidem
248 1093 291 1148 eis
310 1094 474 1150 cedendum
492 1104 554 1161 est,
572 1104 621 1148 aut
637 1094 697 1150 ullo
714 1104 843 1166 puncto,
861 1093 914 1148 sed
929 1091 1078 1146 conliden-

54 1191 90 1234 ιιι
102 1182 351 1252 pronuntiandum,
367 1199 402 1237 ac
418 1199 488 1236 cum
502 1183 596 1239 Paulo
614 1183 873 1254 proclamandum
889 1181 925 1234 Si
942 1180 1077 1233 nircum:

57 1271 202 1340 cidamini,
230 1271 377 1328 Christus
393 1271 478 1327 nobis
495 1271 578 1330 ninii
590 1273 747 1344 proderit.
781 1273 823 1326 lta
848 1271 872 1326 si
896 1285 988 1324 uuum
1009 1269 1081 1323 Jota

14 1343 19 1358 ’
55 1363 174 1430 tyrannici
199 1357 351 1434 praecep'ti
376 1363 544 1430 admiseris,
570 1373 666 1418 totum
687 1363 835 1417 Christum
857 1360 979 1431 nigusti.
1012 1359 1079 1414 Nec

56 1451 119 1506 enim
138 1454 227 1530 resen:
245 1453 397 1508 Christum
422 1454 450 1506 in
471 1469 578 1522 magno
602 1461 650 1505 aut
672 1469 764 1523 parvo
787 1451 946 1524 praecepto
968 1467 1079 1519 neges,

54 1539 118 1594 idern
132 1541 264 1600 Christus
280 1543 307 1596 in
325 1558 432 1611 magno
449 1553 479 1598 et
495 1557 587 1612 parvo
605 1551 668 1610 est,
686 1526 819 1612 quemvis
835 1541 955 1597 libertas
969 1537 1081 1596 nonsit

55 1646 208 1700 privares,
235 1632 347 1688 etiamsi
365 1632 396 1696 in
413 1645 504 1704 parva
522 1649 553 1686 re
571 1641 728 1699 versetur,
749 1641 782 1688 ut
797 1640 841 1686 est
857 1647 928 1684 esca·
943 1637 973 1684 et
990 1641 1080 1699 potus

56 1729 78 1772 et
91 1737 169 1790 uxor,
187 1723 326 1792 sanguine
338 1723 415 1777 euim
435 1721 484 1776 tilii
496 1721 555 1778 Dei
567 1730 728 1776 constat'et
743 1721 828 1776 nobis
845 1729 924 1792 parte
943 1731 1000 1774 cst.
1025 1719 1082 1773 Ni.

55 1808 87 1860 hil
103 1820 141 1863 est
155 1810 249 1882 itaque
267 1809 437 1868 charitatem
449 1811 561 1880 juctare
571 1851 585 1880 ,,
607 1819 637 1865 ut
653 1809 815 1884 libertatem
832 1809 945 1876 laedas,
969 1824 1036 1864 narn
1055 1807 1080 1864 si
1173 1843 1180 1851 ·

55 1896 106 1952 hoc
118 1899 213 1954 licebit
230 1900 363 1954 charitati
381 1900 410 1955 in
427 1899 612 1967 libertatem,
629 1899 730 1954 licebit
746 1899 823 1955 idem
837 1897 866 1951 in
878 1907 970 1951 totum
983 1895 1080 1951 Evan.

56 1987 150 2056 gelion,
175 1991 254 2060 quod
279 1989 367 2044 etism
391 1998 534 2058 quaerunt
556 1987 683 2060 tyranni.
713 1987 803 2058 wenti
825 1989 869 2044 ter
885 1981 986 2047 &ruiti
1002 1985 1088 2046 ιιιιιιι·

55 2073 1080 2147 mmmmmhmmmwwmhmw

56 2165 327 2246 latiusetscripsisti
345 2177 374 2221 et
391 2167 487 2234 nosti,
512 2150 586 2221 haec
609 2183 665 2237 pro
686 2181 754 2218 meo
776 2165 946 2220 testimonio
963 2163 1014 2266 tibi
1032 2165 1081 2219 nd
1128 2237 1129 2244 ἵ
1159 2155 1173 2178 “

58 2253 215 2312 dercvolui.

12 2413 13 2420 ¹
109 2395 149 2452 De
165 2396 364 2458 visitatoribus
387 2398 498 2452 nostris
522 2403 551 2450 et
574 2411 678 2451 eorum
701 2395 826 2450 decretis
850 2408 986 2463 agemus,
1010 2383 1095 2448 cum‘

58 2483 132 2540 aderit
146 2487 315 2559 Philippus:
340 2501 408 2542 nam
424 2485 476 2542 hic
494 2487 699 2552 excudentur„
713 2495 860 2555 quantum
884 2483 1013 2551 intelligo
1040 2497 1080 2538 ex
1153 2499 1156 2510 ·

56 2572 174 2647 Principe
185 2576 339 2637 Electore.
369 2576 490 2632 Interim
503 2574 670 2645 patiemiam
682 2565 810 2642 habeto,
827 2583 857 2630 et
868 2572 1083 2644 disputationes·
1103 2583 1105 2592 ¹
1201 2555 1205 2562 ⁴

56 2666 197 2736 superbae
214 2684 246 2721 re
265 2665 464 2740 coc'rceto,*)
481 2682 518 2720 ne
535 2682 614 2736 opus
629 2665 707 2720 istud
723 2652 926 2720 necessarium
942 2662 1080 2722 visitatio.

56 2753 91 2808 nis
106 2767 164 2811 ants
179 2767 296 2829 tempus
313 2767 341 2812 ct
358 2771 422 2810 ante
439 2771 559 2810 causam
572 2755 741 2826 impediatur
751 2739 882 2810 incursu
895 2770 961 2808 suo.
993 2753 1080 2808 Chri.

58 2853 109 2900 stus
132 2847 224 2915 dabit,
250 2857 283 2902 ut
300 2847 397 2903 omnin
415 2857 497 2901 recte
514 2846 591 2900 fiant.
621 2845 758 2900 ¹Mundus
775 2844 895 2900 stratio
912 2860 972 2900 uon
989 2843 1080 2911 capit,

59 2949 133 3002 quatu
148 2937 185 3000 sit
201 2936 332 3006 cognitio
345 2936 450 3004 ardua,
468 2933 620 2990 Christum
636 2951 703 2988 esse
719 2933 862 3002 justitium
879 2943 1026 2985 nostram:
1044 2931 1080 2984 ita

60 3038 164 3090 ‘tucrum
179 3027 280 3098 opinio
296 3027 382 3081 nobis
399 3025 587 3096 incorporate
603 3034 764 3092 ¹signataque
786 3030 815 3076 et
839 3021 999 3074 innaturata
1019 3029 1079 3072 est.

61 3111 223 3178 Commendo
240 3117 270 3171 in
287 3132 394 3187 preces
411 3125 474 3170 tuas
490 3108 643 3182 Evangelii
662 3122 692 3166 et
709 3110 864 3166 Ecclesiae
882 3125 1017 3176 causam,
1041 3109 1081 3164 si.
1115 3103 1119 3112 ’

61 3204 109 3256 tnui
123 3214 149 3258 ct
164 3223 217 3276 pro
233 3221 284 3278 mc
301 3216 385 3262 orato
404 3203 575 3269 Christum,
590 3211 623 3254 ut
641 3199 762 3255 roboret
776 3215 835 3256 me.
869 3195 966 3285 Splut's
979 3197 1082 3256 Eleon
1175 3273 1180 3280 ι

62 3297 126 3348 uun
142 3305 169 3350 et
186 3311 298 3353 onmes.
331 3295 440 3350 Ultima
457 3291 603 3362 Augusti,
628 3288 823 3370 MDxxvu.

716 3419 1047 3510 Martinuleuthcrus.

65 3798 562 3828 W
1032 3633 1176 3832 px

103 3897 123 3948 *l
140 3899 241 3952 unstrut
254 3902 424 3952 nnrntttun
431 3871 567 3948 ιιιιιιιιιιιι
583 3899 620 3946 tet
633 3898 763 3951 sturnini
779 3897 931 3951 ιιιιιιιιιιιι
957 3896 988 3985 C
1003 3869 1082 3946 Cri

67 3962 638 4060 mmmmmum.mmm

503 4203 508 4214 ⁶
584 4201 589 4226 l
