2650 4586
259 269 320 336 aaa
463 262 467 271 '
732 271 822 341 1527.
859 337 863 358 ,
979 320 983 348 .

240 426 341 511 ‘Nam
359 433 457 501 regula
473 429 548 486 haec
564 447 623 491 non
640 412 728 486 habet
743 431 794 486 hic
811 431 929 498 locum,
951 427 1006 484 nisi
1023 407 1193 504 probaveris
1208 422 1276 480 ambi.

197 585 201 594 Ι
258 522 394 590 quitatem
412 524 475 577 sive
493 523 523 576 in
539 521 691 576 uocabulis
710 524 773 577 sive
790 524 818 576 in
835 519 959 591 syntaxi.

325 611 477 679 secando,
495 613 576 683 quod
588 613 713 666 multum
727 612 892 678 contendis,
911 594 1062 666 christiin
1074 605 1198 662 Joannts
1209 610 1278 660 sexto

163 709 167 718 '
255 701 441 769 'delitiivisse,
460 701 523 770 ubi,
541 703 703 773 quomodo,
721 701 839 774 quibus,
857 700 986 771 quando,
1002 698 1138 769 quoties,
1154 712 1212 767 quo
1225 711 1280 750 con.

257 789 325 844 silio
332 829 341 858 ,
365 790 473 860 quibus
496 791 700 846 instrumentis
716 803 825 860 corpus
842 805 931 844 auum
953 789 1051 844 datum
1075 787 1115 842 sit
1139 787 1168 840 in
1185 786 1278 849 cibum,

257 879 345 932 laudo
361 885 503 935 conatum
524 891 608 936 tuum
624 880 836 934 rhetoricandi:
848 897 853 906 ’
864 879 934 946 sed,
957 879 997 932 mi
1017 875 1081 946 vii,
1105 867 1169 938 bo'c
1184 873 1252 930 nosti
1270 889 1281 926 a

256 983 306 1030 me
323 985 389 1022 non
400 969 514 1039 negari,
538 987 594 1024 nec
620 979 682 1024 erat
699 985 774 1041 opus
794 985 832 1022 eo
847 967 972 1039 produci
987 965 1116 1021 Jcannis
1134 974 1217 1049 caput
1230 965 1281 1018 sexss

257 1067 340 1126 tum,
363 1059 437 1113 mibi
454 1060 523 1115 satis
539 1071 642 1114 notum
660 1051 724 1127 est,
749 1076 783 1112 ac
801 1059 867 1112 scio
887 1058 924 1112 ibi
942 1058 1044 1112 doceri
1062 1073 1177 1128 corpus
1194 1051 1282 1110 Christi

257 1163 311 1203 seu
323 1151 422 1220 potius
439 1167 560 1205 carnem
572 1151 682 1206 Christi
700 1163 765 1204 esse
783 1145 943 1202 anuinium
960 1147 1068 1202 cibum.
1102 1146 1213 1202 Iterum
1228 1143 1283 1210 agit,

172 1257 175 1268 ·
257 1241 339 1310 quod
357 1242 499 1308 agendum
516 1251 578 1308 eat,
606 1257 645 1296 ex
661 1239 826 1312 particulari
843 1239 932 1302 infers
950 1237 1153 1303 exclusivum,
1177 1235 1283 1291 scilicet:

59 1338 65 1361 '
114 1345 117 1356 ’
196 1365 202 1376 .
258 1329 367 1384 Christi
385 1347 455 1384 caro
470 1332 595 1385 docetur
612 1332 711 1401 capite
725 1339 812 1384 sexto
825 1329 993 1383 manducari
1010 1327 1284 1399 spiritualiter,ergo

258 1419 370 1474 Christi
390 1437 459 1474 carc
477 1420 603 1474 docetur
618 1421 788 1474 manducari
811 1427 921 1474 tantum
938 1418 1139 1488 spiritualiter:
1168 1416 1215 1473 ubi
1230 1413 1285 1468 didi

256 1509 323 1564 cisti
339 1507 416 1562 halac
435 1509 638 1566 dialecticam?
671 1507 847 1564 M'anducari
864 1507 1051 1579 spiritualiter
1068 1518 1115 1562 cst
1130 1506 1208 1562 idem
1223 1502 1286 1576 quod

256 1599 425 1654 manducari
450 1599 781 1676 tantumpepiritualiter,
807 1598 855 1652 vel
872 1597 953 1668 quod
971 1595 1081 1652 Christi
1100 1613 1173 1654 caro
1190 1593 1286 1668 spiritu·

258 1687 342 1742 aliter
358 1688 539 1755 comedhur,
566 1705 636 1756 ergo
653 1706 713 1743 non
731 1697 829 1760 potest
853 1690 938 1742 etiam
960 1679 1158 1756 corporaliter
1181 1681 1286 1740 comedi.

259 1761 393 1830 Ostende
412 1777 509 1830 locum
526 1773 651 1830 Joannis
667 1775 733 1843 VL,
756 1777 805 1848 qui
823 1773 901 1830 hanc
917 1777 1166 1847 consequentiam
1182 1774 1286 1846 probet,

152 1934 159 1952 Ι
258 1881 346 1936 quam
364 1866 462 1920 tuabic
480 1863 573 1934 fingis.
608 1865 770 1939 Quomodo
788 1883 911 1938 possum
929 1867 1051 1921 credere
1075 1877 1106 1920 te
1131 1867 1191 1924 isto
1213 1863 1287 1936 syllo-

258 1956 354 2024 gismo
380 1955 511 2021 moveri,
538 1967 617 2010 certe
645 1955 694 2015 illo
720 1973 775 2011 nos
798 1974 857 2012 non
881 1972 970 2028 posse
987 1957 1101 2012 moveri
1127 1957 1248 2012 arbitror
1265 1962 1288 2004 tc

257 2047 343 2118 plane
355 2047 465 2101 videre.
499 2045 578 2101 Nam
595 2046 698 2102 eadem
710 2047 921 2118 consequentia
933 2047 1058 2102 dixerist
1070 2045 1142 2104 Gal.
1157 2047 1208 2102 tv.
1221 2041 1290 2100 Chri.

258 2145 322 2192 stus
340 2136 529 2207 spiritualiter
545 2137 657 2207 paritur
673 2139 701 2192 iu
719 2137 848 2205 Galatis,
866 2154 938 2206 ergo
955 2155 1015 2192 non
1030 2145 1130 2210 potest
1149 2134 1291 2206 corporali.

257 2237 305 2282 ter
322 2227 383 2298 pari
401 2224 442 2281 de‘
454 2227 564 2282 Maria:
584 2225 721 2282 Christus
737 2227 848 2281 habitat
864 2225 1049 2298 spiritualiter
1067 2227 1097 2280 in
1116 2225 1289 2282 credentibus

258 2317 373 2389 Ephes.
392 2317 446 2385 ll.',
464 2335 534 2392 ergo
551 2333 611 2373 uon
629 2328 727 2389 potest
744 2317 937 2386 corporaliter
952 2315 1083 2372 babitare
1102 2315 1289 2388 Capemaum·‚

227 2479 230 2485 Ι
259 2407 355 2462 autin
373 2405 476 2462 coelo‘:
488 2431 492 2440 ·
503 2408 640 2462 Christus
658 2406 835 2476 crucifigitur
851 2393 1038 2477 spiritualiter
1056 2404 1124 2462 Gal.
1141 2407 1216 2474 nt,
1235 2418 1292 2471 ergo

166 2525 170 2529 ·
260 2513 321 2551 non
338 2505 438 2567 potest
455 2497 648 2565 corporaliter
664 2495 793 2566 crucifigi
811 2493 959 2550 a-Judaei‘s
975 2496 1005 2550 in
1015 2495 1139 2550 'cruces
1161 2497 1202 2552 Et
1217 2495 1292 2562 hujus

259 2585 374 2654 generis
392 2585 498 2638 inlicita
515 2595 639 2655 possunt
657 2586 775 2652 adduci,
792 2595 825 2640 ut
842 2586 878 2640 de
895 2595 997 2654 tactu,
1012 2585 1079 2640 visu
1086 2625 1096 2654 ,
1114 2587 1232 2654 auditu,
1247 2582 1294 2653 spi-

165 2711 178 2724 „
258 2673 428 2740 ritualibuS,
445 2683 478 2730 ut
491 2683 634 2742 negentur
646 2676 840 2746 corporaliter
853 2666 1074 2746 tteri‘potuisse:
1090 2676 1186 2734 Vides
1199 2678 1293 2746 itaque,

258 2763 288 2823 in
306 2766 421 2834 quamis
440 2763 553 2818 deficiat
571 2764 631 2818 boc
654 2778 737 2819 tuum
762 2777 981 2836 argumentum,
1006 2767 1131 2834 scilicet,
1161 2769 1240 2839 quod
1263 2777 1293 2818 ex

248 2855 378 2918 ,delinito
396 2855 466 2908 facis
484 2853 666 2908 exclusivum
676 2895 684 2922 ,
712 2855 815 2910 deinde
833 2858 911 2927 quod
937 2857 1039 2912 locum
1054 2855 1185 2914 Joauuis
1201 2857 1253 2912 VI.
1268 2853 1296 2908 ad

240 2946 361 3002 ‘iocum
378 2951 488 3000 coenae
506 2945 634 3018 pervim
652 2957 772 3016 torques
791 2956 820 3001 et
836 2945 909 3000 nibil
920 2946 1043 3017 probas.

325 3037 448 3106 Tertio,
467 3035 546 3107 quod
564 3035 634 3090 satis
651 3037 736 3104 longa
757 3039 784 3089 c't
801 3053 892 3108 paene
910 3036 1035 3094 obscura
1053 3035 1239 3094 verbositate
1261 3050 1301 3089 ur-

260 3143 328 3196 ges,
345 3127 531 3200 pugnantiam
549 3142 615 3180 esse
632 3125 661 3179 in
678 3135 779 3182 nostra
795 3127 953 3194 sententia,
973 3124 1123 3195 videlicet,
1140 3129 1228 3198 quod
1244 3141 1301 3178 ver.

261 3219 333 3274 bum
352 3202 438 3274 dedii
453 3211 572 3290 ponitur
589 3215 653 3271 ante
670 3217 751 3272 hunc
769 3205 899 3272 tentum:
911 3219 987 3272 Hoc
1004 3224 1050 3271 est
1066 3231 1188 3287 corpus
1200 3231 1302 3281 metim,

214 3301 215 3306 ’
261 3307 290 3361 id
315 3309 445 3376 efficere,
471 3319 502 3362 ut
520 3309 597 3364 datio
617 3309 679 3378 jam
699 3309 779 3362 facta
802 3308 855 3374 sit,
882 3305 1035 3379 antequam
1053 3305 1198 3366 Christus
1224 3309 1302 3363 dinit:

169 3459 173 3464 ,
261 3399 332 3452 Hoc
357 3405 409 3451 est'
427 3413 543 3468 corpus
559 3415 680 3452 nucum:
706 3413 776 3467 ergo
800 3397 961 3466 discipulos
978 3409 1102 3452 necesse
1129 3409 1180 3454 est
1206 3409 1304 3470 panem

257 3487 415 3557 ,accepisse
432 3504 449 3562 a
467 3487 588 3540 Christo
604 3489 720 3552 datum,
742 3491 771 3542 e't
788 3487 831 3548 sic
847 3485 923 3542 linita
941 3488 1058 3540 datione
1074 3496 1104 3540 et
1121 3489 1303 3558 acceptione,

39 3597 40 3604 ¹
103 3628 107 3644 ,
173 3638 181 3644 ⁵
261 3583 325 3632 tam
342 3576 492 3630 Christum
510 3577 634 3633 dixisse:
658 3577 728 3632 Hdc
746 3582 793 3630 est
809 3591 925 3647 corpus
941 3593 1059 3644 meum,
1081 3577 1302 3633 utlnecessario

261 3669 296 3722 ad
314 3668 424 3724 Christi
437 3681 552 3738 corpus
577 3668 615 3722 ibi
626 3667 762 3723 'sedentis
778 3667 938 3738 pertineat,
965 3685 1033 3721 cum
1050 3667 1114 3736 jam
1140 3680 1215 3724 ante
1232 3668 1306 3738 panis

261 3761 299 3816 sit
316 3761 400 3816 datus
426 3769 456 3818 et
481 3768 630 3832 acceptus.
646 3791 649 3796 -
667 3758 762 3826 llaec,
786 3757 841 3836 nisi
859 3758 959 3825 fallor,
986 3768 1032 3813 est
1055 3757 1101 3812 vis
1127 3743 1160 3812 et
1187 3761 1243 3814 lux
1267 3759 1306 3812 illa

260 3851 344 3918 verbi
362 3850 468 3916 dedit,
492 3833 553 3902 tam'
572 3848 724 3916 magnilica
749 3857 818 3902 ate
843 3857 973 3903 tractata.
1007 3847 1073 3916 E'go
1097 3863 1178 3903 vero
1204 3861 1235 3904 tc
1260 3865 1308 3921 per

160 3961 166 3973 i
231 3946 235 3955 ⁴
262 3941 416 4024 Christum!
428 3955 500 4007 oro,
516 3948 549 3996 ut
566 3949 666 4000 tecum
684 3940 745 4012 ipsc
759 3937 929 3994 consideres
947 3948 975 3992 et
991 3937 1153 4008 obseram,
1174 3940 1203 4002 si
1213 3952 1307 4014 potes,

714 4023 716 4048 i
752 4043 754 4047 .
