2650 4586
193 249 311 334 aao'
365 306 370 315 ·
605 353 609 359 .
695 257 800 326 aaa.
854 265 857 272 ’

234 405 559 473 uenerabilium.
584 391 991 537 ⁹³⁹¹jpss⁰⁶qss2¹lc⁸<x²fj³³⁴x¹⁶⁰¹
1016 410 1252 467 bertramum

234 585 278 642 D.
294 584 416 640 Joanm·
432 584 580 652 Bremia,
594 584 690 652 fideli
713 581 929 638 Ecclesiastae
950 577 1070 634 Hallae'
1093 577 1127 632 in
1151 576 1255 632 enoria

182 761 184 766 ·
234 695 374 792 Gratiam
393 748 422 793 et
438 756 540 810 pacem
557 757 585 794 m
596 739 672 794 Jesu
685 737 824 804 Christo
835 735 1004 805 >Domino
1016 741 1134 790 nostro
1166 727 1258 786 Osten-

233 828 274 882 dit
300 827 372 882 mihi
397 829 561 902 Spalatinus
585 827 778 884 charissimus
802 843 887 882 meus
912 826 1009 880 literas
1036 835 1098 878 tuas
1124 823 1257 892 adipsum

233 917 331 984 datas,
349 933 422 987 quas
440 933 508 970 cum
525 917 629 984 gaudio
646 927 726 970 certe
744 917 817 986 legi,
833 915 873 969 mi
890 908 1014 980 Brenti,
1038 913 1141 966 videns
1157 912 1259 981 gratiam

231 1003 292 1059 Dei
310 1005 338 1060 in
357 1015 383 1060 te
400 1005 558 1081 habitantis
576 1023 631 1077 per
647 1005 797 1060 Christum
816 1005 906 1058 lilium
923 1019 1028 1071 snum,
1055 1003 1104 1074 qui
1128 1013 1185 1056 tam
1202 1015 1259 1053 eon.

233 1103 314 1150 stans
332 1104 362 1150 et
378 1095 513 1150 sincerus
537 1095 661 1149 verbum
677 1095 788 1149 Christi
814 1108 916 1148 serves
942 1104 972 1147 et
995 1093 1103 1146 doceas
1128 1091 1156 1146 in
1177 1089 1269 1168 medio'

162 1173 172 1220 ἶ
232 1183 318 1238 istius
344 1201 451 1256 pravae
474 1185 599 1238 nationis
624 1193 709 1254 atque
735 1200 901 1256 perversae.
934 1181 1114 1238 Benedictus
1138 1181 1217 1234 Dens
1238 1188 1261 1232 et

99 1253 104 1264 ’
133 1287 138 1303 ¹
233 1271 322 1328 Pater
339 1273 463 1328 Dbmini
480 1273 573 1326 nostri
590 1270 666 1326 Jesu
679 1271 805 1340 Christi,
823 1273 872 1344 qui
891 1271 919 1326 in
937 1281 982 1326 tot
999 1271 1082 1324 malis
1101 1265 1262 1342 quibuscir.

233 1363 359 1415 cumdor
376 1363 480 1416 saitem
498 1363 608 1434 aliquot
622 1361 645 1415 l'r
647 1373 722 1415 atres
739 1378 844 1416 verum
856 1369 885 1416 et
898 1361 1059 1428 legitimum
1074 1376 1175 1413 semen
1187 1355 1262 1411 lsrael

233 1452 335 1506 videre
356 1453 510 1518 concedit,
535 1451 643 1523 alioqui
666 1469 724 1506 non
748 1449 805 1506 nisi
825 1459 956 1504 monstrt
974 1450 1104 1528 undiquc
1123 1459 1151 1503 et
1171 1445 1261 1502 furiunt

234 1550 263 1596 et
289 1542 431 1599 saeuiunt.
466 1541 714 1596 Carolstadium
708 1559 735 1594 ιιι
763 1541 827 1594 sinu
852 1540 994 1594 hactenus
1019 1539 1125 1594 alimus
1149 1537 1261 1591 officiose

236 1631 324 1700 satis,
343 1647 395 1700 spe
412 1631 507 1696 bona,
525 1632 606 1702 quod
624 1641 702 1684 esset
721 1629 893 1684 rediturus
886 1647 915 1681 m
934 1629 1026 1682 viam:
1044 1637 1072 1681 at
1086 1627 1263 1682 miserhomo

236 1719 272 1774 de
290 1721 335 1773 die
353 1719 475 1774 indiam
493 1720 584 1789 magis
603 1719 769 1786 induratur,
787 1728 816 1774 et
828 1711 924 1774 tam‘en
936 1719 1023 1772 silere
1036 1717 1151 1786 cogitur
1163 1715 1264 1788 pusilla-

235 1808 380 1862 nimitate:
399 1809 482 1862 etiam
500 1825 586 1862 suum
601 1807 682 1862 Tuto
700 1799 799 1862 adhuc¹
812 1817 926 1874 tuetur,
944 1808 1077 1879 quamvis
1093 1793 1264 1880 reprobatum

182 1947 185 1952 .
237 1898 322 1952 etiarn
341 1913 356 1960 a
374 1899 461 1952 suis'
479 1891 637 1976 ''sarna'est
653 1899 705 1976 ira,
724 1899 747 1952 si
766 1897 832 1970 quis
851 1898 943 1969 semel
962 1897 1085 1954 verbum
1102 1893 1159 1952 Dei
1171 1897 1266 1968 impug-

169 2031 176 2038 .
238 1987 362 2046 neverit.
397 1987 549 2044 Christum
564 2007 636 2056 oro,
655 1999 688 2044 ut
702 1999 733 2056 ¹te
752 2001 780 2043 et
798 1991 904 2044 fratres
923 1998 991 2044 tuos
1008 1987 1167 2043 nobiscum
1183 1998 1266 2043 servet

139 2103 142 2110 Δ
239 2079 269 2132 in
285 2077 450 2134 sinceritate
467 2085 497 2132 et
514 2077 696 2149 simplicitate
713 2095 783 2148 sua,
805 2095 902 2150 usque
919 2077 954 2132 ad
972 2078 1050 2134 diem
1068 2079 1182 2148 gloriae
1194 2091 1265 2155 suae,

240 2171 348 2223 Amen.
1004 2215 1007 2222 .

302 2259 362 2314 Has
378 2259 495 2327 literas,
520 2239 673 2332 (quamvis
693 2259 804 2314 lubenti
823 2268 854 2313 et
869 2261 1047 2332 spontaneo)
1074 2258 1199 2314 extorsit
1212 2265 1267 2314 trus

240 2347 419 2438 Spalatinus,
447 2359 498 2417 ut
508 2360 537 2403 et
560 2349 650 2404 literis
677 2349 838 2404 scribendis
865 2359 941 2404 tuam
966 2347 1186 2412 familiaritatem
1210 2345 1268 2401 mihi

240 2457 359 2512 parem,
382 2442 432 2511 qui
449 2439 552 2510 spiritu
569 2450 598 2494 et
616 2441 797 2494 unanimitate
815 2453 917 2493 sumus
935 2439 1041 2508 (gratia
1059 2429 1139 2504 Dei)
1163 2455 1226 2508 conJ
1227 2452 1270 2488 ιιιι.

216 2529 375 2600 3ctissimi
406 2519 468 2584 Ora
485 2538 583 2582 autem
599 2527 821 2590 cumfratribus
839 2529 916 2594 tuis,
932 2525 1269 2598 uthocgaudrumChri.

242 2626 307 2672 stus
323 2618 441 2688 plenum
460 2615 488 2670 el
506 2625 678 2688 perpetuum
695 2617 725 2681 in
743 2617 829 2672 nobis
855 2617 969 2672 efficiat.
1003 2617 1110 2674 Salutat
1133 2627 1162 2674 te
1176 2617 1271 2674 Pome-

242 2723 331 2766 tanus
358 2708 459 2760 unicus
488 2705 587 2772 socius
616 2722 720 2773 meus,
737 2709 763 2766 2)
789 2707 958 2762 absentibus
986 2707 1048 2762 aliis
1074 2719 1157 2778 metu
1183 2707 1271 2780 pestis.

181 2783 184 2786 ’
244 2795 423 2849 Commendo
440 2811 494 2850 nos
512 2794 622 2866 passim
638 2813 685 2848 me
702 2807 729 2849 et
740 2793 767 2863 3)
784 2795 924 2850 miserum
937 2808 1126 2867 peccatorem
1137 2797 1272 2860 Ecclesiae

244 2893 324 2940 tuae:
352 2901 418 2939 nam
437 2871 519 2938 Satan
535 2885 647 2952 solatus
665 2885 694 2939 in
712 2901 776 2954 me,
801 2886 944 2940 machinis
962 2886 1022 2944 suis
1042 2887 1115 2944 mihi
1134 2887 1274 2942 Christum

244 2976 356 3047 eripere
369 2963 465 3036 ,tentat
482 2973 633 3048 privatim,
652 2987 810 3046 postquam
826 2975 905 3031 videt
922 2975 1039 3054 publice
1057 2987 1087 3031 et
1103 2978 1275 3050 professione

163 3095 174 3114 a
244 3063 327 3120 verbi
345 3084 378 3122 se
392 3065 466 3136 nihil
487 3065 574 3136 posse
599 3065 670 3118 mihi
695 3065 818 3137 eripere.
836 3065 970 3134 Miror,
997 3065 1066 3137 quid
1091 3065 1220 3123 hominis
1244 3064 1276 3118 sit

246 3155 422 3226 zwinglius,
446 3157 496 3228 qui
520 3165 577 3210 tam
601 3155 682 3210 rudis
708 3156 746 3210 sit
769 3157 972 3224 grammaticae
996 3169 1025 3210 et
1042 3154 1227 3226 dialecticae,
1248 3161 1277 3207 ut

245 3255 356 3301 taceam
374 3247 442 3299 alias
461 3256 557 3308 artes,
575 3256 604 3301 et
620 3256 717 3314 tamen
734 3246 778 3299 sic
795 3247 878 3299 audet
890 3247 1000 3315 jactare
1016 3231 1172 3304 victorias:
1193 3247 1277 3318 gloria

192 3338 195 3344 '
244 3335 298 3388 ista
321 3346 457 3406 properat
481 3336 510 3390 in
535 3336 602 3407 ipso
627 3325 656 3401 l)
683 3335 717 3390 ad
744 3335 963 3406 confusionem,
1003 3337 1054 3391 Tu
1080 3337 1277 3393 charissimum

245 3441 345 3486 meum
362 3425 497 3489 gatrdium
518 3436 545 3479 et
568 3435 678 3480 corona
702 3441 765 3486 mea
789 3425 819 3478 in
836 3425 973 3493 Christo,
1000 3443 1069 3480 oum
1087 3427 1233 3498 Magistro
1253 3435 1278 3480 et

246 3513 378 3572 Domino
396 3530 481 3583 quam
499 3516 608 3586 optime
626 3516 705 3582 vale,
732 3499 959 3580 cumfratribus
983 3515 1134 3572 omnibus.
1167 3519 1279 3587 Targae

245 3605 321 3676 apud
338 3604 513 3676 spaletinam
520 3595 535 3672 ,Δ
547 3599 737 3658 M'DXXVII.
755 3611 860 3674 quarto
879 3603 1020 3680 Calendas
1038 3593 1230 3665 Decembris.

221 3736 225 3744 ι
598 3693 685 3748 Tuus
703 3709 742 3748 ex
761 3692 857 3748 animo
875 3695 965 3749 irater

214 3837 218 3842 .
272 3784 286 3820 i
422 3791 425 3798 “
488 3854 493 3860 .
740 3801 741 3808 ¹
964 3783 1111 3841 Martinus
1129 3787 1251 3872 Lutheq.

250 3879 768 3902 -..........,.........,............
931 3875 935 3888 ,
1037 3873 1041 3886 .
1104 3869 1105 3878 ι

294 3916 518 4006 ιιῦοᾶ.].τᾷεει.
555 3922 804 3987 arcear-saeue
839 3935 1050 4008 aleardi-el.
1085 3939 1279 3996 heccham.
