2650 4586
437 335 441 342 ·
495 300 583 369 tili.
892 306 928 328 “”
954 359 956 365 ,
1002 299 1060 368 173

44 467 69 511 ut
83 459 121 512 illi
131 459 212 513 amici
229 460 340 527 nostri,
359 459 408 532 qui
424 461 487 514 sine
503 459 590 518 nobis
608 469 718 514 stante
735 473 790 516 nos
807 456 879 514 nihil
896 467 993 521 erant,
1021 475 1060 512 ne

45 548 141 602 hiscere
155 549 273 620 quidem
290 549 450 614 audebant,
473 565 553 622 nunc
578 563 676 603 nostra
702 549 823 604 victoria
849 549 937 604 inflati
959 548 988 601 in
1005 563 1061 602 nos

44 647 142 691 uertunt
156 639 307 709 impetum.
340 639 406 692 Hoc
423 647 468 692 est
484 639 590 707 gratias
608 655 710 708 agere,
736 639 779 693 sic
797 648 842 693 est
857 638 966 694 mereri
984 637 1068 708 apud

43 727 174 781 homines:
199 744 328 796 summa,
352 739 434 782 nuno
452 727 571 782 donum
587 729 733 797 intelligo,
759 729 829 800 quid
845 727 900 796 sit,
916 727 1061 798 mundum

44 832 97 870 esse
112 817 136 870 in
150 818 276 885 maligno
293 817 422 887 positum
431 857 441 894 2
468 822 498 870 et
517 816 649 870 Satanam
673 830 740 872 esse
756 810 931 888 Principem'
948 815 1060 871 mundi.

43 893 170 960 H'acteuus
182 907 316 976 putabam
327 897 403 960 h'aec
416 915 527 960 tantum
540 921 605 960 esse
617 889 717 973 verba,
738 907 791 960 sed
804 918 882 960 nunc
894 906 982 960 video
995 921 1061 960 rem

44 1012 113 1065 esse,
127 1007 153 1052 et
163 997 323 1052 Diabolum
340 1012 410 1051 uere
428 997 457 1050 iu
472 983 584 1051 m'uudo
601 1011 732 1065 regnare.
766 997 854 1052 Anno
866 997 1058 1052 MDXXVII.
1158 1019 1160 1030 ·

683 1115 847 1172 'Martinus
864 1117 1025 1172 Lutherus.
1057 1143 1065 1156 ι

350 1279 371 1314 1

260 1351 827 1380 ——q———m-n

69 1526 116 1595 tio
130 1529 211 1600 aar·
300 1501 309 1514 ⁸
717 1529 769 1587 ΝΟ.
786 1525 1026 1588 occsurum.

341 1708 390 1777 ur
411 1703 510 1794 ‚aaa
539 1657 742 1806 utiliora..

43 1885 176 1943 enutritura
187 1873 249 1938 auat
261 1889 365 1944 amitto
374 1842 530 1941 emturum
542 1854 738 1944 sterelitatem
751 1885 789 1940 {tit
799 1887 827 1936 a.
837 1884 972 1936 trintttott
982 1883 1058 1934 stitit.

141 2175 189 2229 bra
202 2173 364 2222 aurifaber
376 2173 406 2238 il.
418 2173 464 2220 333.
482 2173 505 2220 b.
530 2168 628 2224 vactro
642 2171 682 2224 tru
695 2169 789 2220 tonitr
802 2169 865 2216 xxi.
880 2171 954 2217 ma·

47 2329 135 2434 Gratia
148 2390 176 2436 et
194 2395 264 2452 pax.
299 2377 326 2434 si
350 2379 421 2450 quid
444 2372 545 2448 potes,
571 2374 611 2428 mi
628 2371 784 2442 Agricola,
808 2373 837 2426 in
861 2383 949 2424 causa
972 2387 1060 2442 quam

43 2464 86 2519 tibi
105 2481 225 2541 exponet
247 2467 410 2542 Stephanus
430 2469 489 2522 iste
515 2468 617 2536 (potes
641 2459 918 2544 autemmaxime),
947 2461 1060 2530 adjuvo.
1124 2446 1132 2463 '¹

41 2552 105 2611 Nam
119 2559 167 2615 etsi
186 2561 278 2614 simus
297 2558 441 2611 hactenus
465 2556 546 2608 uarie
571 2554 708 2626 decepti,
735 2564 832 2607 tamen
856 2552 911 2605 hac
933 2565 1062 2622 persona

42 2644 124 2701 videor
137 2649 206 2703 mihi
223 2665 285 2702 non
303 2646 398 2718 decipi
414 2661 471 2700 nos
489 2653 537 2696 aut
553 2651 656 2696 nostra
672 2641 784 2709 studia,
812 2642 836 2694 si
861 2657 918 2712 qua
935 2640 965 2693 in
982 2639 1063 2694 illam

42 2737 213 2793 conferamus.
245 2737 364 2796 Misera
389 2743 435 2788 eat
460 2739 488 2786 et
511 2741 577 2800 eget
602 2719 704 2784 officiis
731 2730 894 2797 charitatis,
920 2730 949 2783 in
972 2743 1062 2801 quam

42 2838 91 2877 rem
104 2823 263 2898 propensos
279 2824 371 2880 habes
388 2834 455 2878 tuos
475 2821 617 2876 Comites.

92 2947 170 3003 Eleae
185 2960 253 3004 tuae
270 2945 356 3003 nobis
367 2934 490 2999 'videtur
505 2942 690 3009 consultum,
713 2935 883 3013 simutandi
901 2943 993 3009 atris,
1012 2941 1062 3006 cui

42 3041 164 3107 assuevit,
186 3054 290 3106 causa,
314 3035 376 3092 huc
400 3033 577 3090 concederet
600 3032 713 3102 aliquot
735 3031 806 3086 dies.
841 3030 892 3084 Tu
909 3031 938 3082 in
955 3030 1011 3084 hac
1028 3045 1062 3084 re

41 3127 157 3182 consules
173 3127 275 3192 simul,
296 3140 363 3198 nam
379 3122 542 3177 uxorculae
559 3119 610 3174 tibi
628 3119 805 3188 gratissimae
824 3115 853 3172 et
869 3117 1062 3174 mulierculae

42 3213 144 3284 simplici
160 3228 189 3272 et
204 3216 314 3288 probae
331 3229 388 3268 nos
406 3211 530 3266 libenter
551 3207 710 3275 faciemus,
739 3199 884 3278 quicquid
903 3207 942 3261 illi
961 3219 1062 3278 potest
1155 3273 1160 3276 ,

42 3303 186 3360 ullomodo
202 3305 356 3376 prodesse.
383 3298 465 3358 itale.
495 3297 593 3352 Ketha
606 3313 671 3350 mea
683 3296 776 3349 vomit
789 3305 818 3348 et
829 3308 948 3352 nauseat
960 3315 1062 3368 aegro.
1149 3315 1153 3324 ’

42 3397 125 3461 ratque
139 3409 255 3461 rursus,
271 3393 323 3446 sed
340 3392 416 3444 bona
434 3384 605 3457 (ut'spero)
623 3383 817 3451 aegritudine,
835 3401 943 3456 nempe
958 3389 1061 3458 capitis

42 3488 67 3530 et
88 3479 367 3552 vertiginis-(nescio
387 3477 506 3546 cujus),
532 3487 607 3543 quae
632 3483 661 3525 te
686 3469 848 3542 Elaainque
857 3468 862 3474 ”
871 3483 952 3530 tuam
975 3477 1062 3531 valde

43 3569 137 3656 salrupt.
167 3565 338 3626 Joannellus
357 3565 550 3620 laetuslaetus
569 3571 598 3614 et
615 3560 757 3630 robustus
775 3569 835 3629 est,
859 3571 946 3636 atque
967 3564 1060 3620 homo
1112 3607 1118 3626 ,

42 3671 123 3713 uorax
136 3675 167 3715 ac
181 3659 288 3726 bibax,
305 3655 376 3712 Deo
393 3652 494 3724 gratia..
525 3648 720 3706 MDXXVIL

671 3827 674 3838 ,
704 3830 708 3844 s
736 3753 886 3856 Martinus
901 3771 1025 3830 Luther.
