2650 4586
200 289 265 330 ¹¹
421 287 585 394 ¹1527,
886 231 894 269 ⁹
1005 287 1064 356 au

41 453 91 522 lem
109 447 279 522 disquirere,
302 468 363 524 quo
387 431 523 521 instanti,
549 464 597 508 aut
622 425 774 532 quomodo
789 431 860 506 rere
880 447 938 505 sint
960 456 989 501 et
1012 445 1066 500 irr.

40 539 163 607 plcantur.
747 585 751 596 ,

92 628 134 682 Er
147 628 210 684 istis
227 639 299 698 puto
316 632 387 685 sctis
405 631 516 686 clarum
534 647 619 699 esse,
644 631 724 702 quod
742 630 868 686 verbum
886 629 972 684 dedit
989 628 1064 682 male

39 717 120 772 trahas
135 720 167 774 ad
183 719 328 774 actionem
347 737 475 786 coenae,
492 737 561 776 cum
578 722 613 776 sir
625 721 750 776 verbum
762 719 968 786 Evarrgelistae
981 733 1065 789 prae.
1135 773 1138 788 ¹

39 808 135 862 terium
155 825 278 864 coenam
301 793 460 866 birrantis:
488 812 554 866 ideo
579 823 699 866 coactus
724 820 768 864 est
796 809 888 864 verbo
915 808 1064 879 praeteriti

37 898 158 967 temporis
175 899 228 966 nti.
260 901 301 953 At
325 901 387 971 ipsa
411 899 485 954 actio
509 901 609 956 verbis
632 899 837 972 praesentibus
855 899 1016 970 imperativi
1035 906 1066 954 et

39 985 164 1042 indicativi
175 989 255 1044 modi
267 999 516 1062 repraesentatur,
535 1000 620 1061 puta,
635 989 795 1060 Accipite,
821 989 988 1056 comedite,
1003 987 1063 1042 lroc

38 1083 314 1148 cstcorpusmeum,
332 1095 405 1152 quac
424 1097 484 1138 non
500 1081 601 1134 sinunt
617 1079 799 1134 intervallum
816 1089 864 1132 aut
877 1080 1064 1149 praeteritam

38 1164 161 1222 dationem
188 1169 344 1237 imaginari.
383 1166 441 1224 sed
466 1169 627 1240 objiciunt,
656 1180 842 1240 praesentem
871 1167 1019 1222 dationem
1046 1183 1063 1222 a

37 1254 135 1311 Christo
146 1257 207 1312 lieri
220 1275 256 1312 eo
269 1259 349 1328 ipso,
368 1275 427 1330 quo
440 1259 525 1314 dicit:
543 1259 613 1314 Hoc
625 1265 672 1312 cst
684 1258 806 1329 Corpus
824 1273 935 1312 meum.
970 1255 1064 1330 Quod

36 1361 92 1399 vero
106 1363 207 1418 punem
223 1348 358 1420 appellari
370 1349 467 1418 jactos
486 1355 510 1403 1.
521 1349 590 1403 Cor.
608 1347 647 1404 X.
673 1347 796 1416 Panis,
823 1344 1062 1420 quemsranqn,

35 1449 90 1489 mus
104 1445 155 1516 etc.
177 1438 244 1510 quis
262 1440 365 1508 negat?
388 1437 441 1494 sed
458 1439 538 1512 quod
556 1439 654 1494 solum
673 1455 778 1508 panem
796 1438 890 1506 sucis,
909 1437 1061 1509 quomodo

35 1526 173 1594 probabis?
208 1527 264 1584 Sed
286 1529 323 1584 dc
346 1527 394 1584 his
415 1528 445 1583 in
470 1528 636 1584 novissimo
653 1545 721 1582 meo
739 1529 839 1582 libello
857 1527 948 1596 leges.
981 1526 1061 1582 Nam

34 1627 115 1672 contre
129 1627 212 1674 tuum
227 1610 303 1676 ccicc
318 1619 403 1681 fortis
422 1629 468 1673 est
485 1618 560 1674 idern
578 1619 680 1675 locus:
696 1618 838 1685 Panem,
854 1616 1061 1692 quemfrona
1155 1695 1157 1701 Ι

33 1706 133 1776 pimus,
154 1725 221 1764 non
237 1715 283 1762 cst
298 1705 401 1764 solum
415 1707 531 1780 ponis,
542 1708 607 1780 ,sed
622 1707 883 1776 communicatio,
908 1725 962 1762 serr
977 1725 1062 1780 por.

34 1796 153 1868 ticipctio
168 1798 316 1870 corporis
333 1797 462 1854 Christi.
496 1796 536 1852 Et
552 1798 607 1852 hae
625 1808 693 1854 sunt
709 1799 895 1870 Scripturae,
921 1814 995 1870 quse
1012 1799 1063 1852 llo.

33 1885 103 1954 gius,
120 1887 226 1960 quibus
244 1904 353 1959 corpus
371 1889 471 1942 datum
488 1886 640 1958 discipulis
657 1886 837 1960 probamus,
854 1905 912 1944 nec
931 1899 1060 1958 possunt
1154 1961 1158 1967 ¹

33 1983 84 2028 ate
103 1975 250 2046 subverti,
277 1978 357 2048 quod
380 1977 501 2032 scimus.
533 1975 683 2046 Equidem
709 1978 855 2042 admiror,
881 1993 935 2032 cur
962 1979 1060 2046 dicas,

33 2064 119 2120 frustra
138 2067 190 2122 tibi
206 2053 304 2137 'objici
328 2067 402 2124 haec
423 2066 531 2122 verbs:
557 2066 628 2120 Hoc
644 2073 823 2140 est‚corpus
839 2079 959 2136 mcum,
981 2068 1061 2122 nulla

34 2153 73 2206 alia
92 2174 190 2225 causa,
215 2153 271 2212 nisi
296 2156 377 2228 quod
398 2156 491 2224 dicis,
516 2155 567 2210 hic
591 2155 627 2210 de
645 2156 729 2212 dandi
748 2156 843 2210 verbo
861 2159 1060 2214 controverti:

33 2241 114 2300 deinde
133 2247 213 2302 aliud
235 2246 396 2315 significare
421 2243 547 2300 verbum
570 2239 672 2311 dedit,
698 2253 727 2302 et
750 2243 830 2298 aliud
851 2245 975 2301 verbum
998 2253 1059 2316 est,
1127 2275 1128 2278 ¹

33 2344 56 2386 ut
72 2346 158 2391 autem
183 2337 301 2392 diversa
325 2329 504 2406 significant,
530 2333 706 2388 ita¹diversa
731 2333 866 2404 probriut.
901 2332 982 2408 Quid
1007 2335 1059 2389 hic
1136 2318 1140 2326 ¹

13 2407 103 2494 uelis,
119 2429 177 2484 uod
195 2427 340 2494 intelligo,
361 2419 414 2479 nisi
432 2425 511 2496 quod
529 2423 677 2477 contemni
694 2439 710 2476 a
727 2431 755 2476 te
772 2423 863 2482 oredo
882 2422 935 2478 ista
953 2425 1057 2480 verba:

31 2511 84 2567 Hoc
98 2524 140 2569 est
155 2531 274 2586 corpus
290 2530 408 2582 meum,
425 2524 453 2566 et
470 2523 566 2568 temen
580 2511 653 2566 nihil
665 2510 772 2578 affers,
788 2501 877 2582 qua‘m
891 2513 1059 2584 quodoliud

31 2601 173 2670 significent
191 2605 292 2672 dedit,
317 2604 391 2658 aliud
408 2610 462 2657 est.
497 2602 590 2675 Quasi
609 2619 669 2654 non
686 2609 715 2656 et
732 2618 788 2656 nos
807 2602 941 2656 similiter
958 2604 1058 2676 possi.

30 2707 80 2748 tuuc
96 2703 175 2750 tuum
193 2695 278 2750 dedit
295 2703 487 2750 contemnere
504 2691 533 2745 e't
548 2691 665 2746 dicere:
683 2692 759 2746 aliud
776 2692 919 2762 significat
935 2709 1057 2766 corpus,

30 2781 88 2838 aliud
113 2801 224 2840 meum.
268 2782 334 2838 Imo
362 2781 513 2854 quodlibet
540 2781 721 2836 vocabulum
749 2797 836 2836 suum
866 2782 1057 2851 significatum

30 2871 163 2940 significat:
187 2873 319 2952 mmquid
344 2884 422 2926 recte
445 2871 516 2924 hinc
537 2871 684 2940 sequitur,
712 2871 873 2935 orationem
893 2888 931 2926 ex
949 2873 1056 2928 talibus

29 2965 198 3018 constitutam
216 2977 284 3016 csse
300 2963 403 3016 falsam
422 2969 471 3014 aut
488 2960 756 3016 contemnendam?
1101 3017 1107 3037 s

75 3053 119 3107 De
130 3051 300 3108 translatitia
316 3049 545 3118 significatione,
564 3064 621 3118 qua
638 3047 736 3102 datum
752 3063 865 3118 corpus
883 3055 912 3102 et
928 3041 1057 3102 fractum

29 3153 69 3205 pro
91 3141 176 3220 npbls
205 3140 352 3210 disputas,
381 3137 596 3210 permittimus,
626 3145 669 3214 ut¹
688 3136 767 3202 (lices
790 3145 932 3205 qtrantum
958 3137 1055 3194 voles.

28 3225 87 3284 Nam
107 3242 135 3286 et
156 3247 216 3286 nos
239 3229 412 3292 asserimus,
441 3227 592 3280 Christum
609 3225 638 3279 in
656 3240 745 3277 cruce
764 3225 861 3279 datum
878 3242 933 3300 pro
949 3227 1054 3298 nobis,

29 3321 140 3383 scennis
158 3322 285 3374 fractum
302 3317 330 3371 in
348 3332 438 3369 cruce
456 3329 608 3384 negemus.
642 3311 710 3366 Nec
728 3321 759 3366 tu
776 3313 804 3367 id
820 3313 980 3384 probabis,
997 3333 1055 3372 neo

27 3409 134 3474 probasti
151 3408 308 3464 hactenus.
343 3405 400 3460 Sed
417 3420 481 3457 esse
500 3404 528 3456 in
547 3419 640 3456 coena
651 3401 776 3458 Domini
789 3403 989 3462 translatitium
1006 3408 1055 3462 da.

27 3497 121 3552 tionem
139 3513 202 3552 non
224 3505 411 3560 estverum,
436 3493 571 3563 quamvis
594 3506 699 3546 verum
724 3489 779 3558 sit,
805 3495 989 3563 corporalem
1004 3495 1054 3564 ibi

26 3581 152 3644 dationem
170 3587 293 3656 figurare
310 3583 490 3654 spiritualem
510 3581 676 3648 dationem,
701 3597 758 3650 qua
784 3579 908 3658 Spiritus
933 3599 1054 3638 sanctus

26 3675 93 3732 nohis
108 3677 137 3732 iu
154 3676 314 3732 condonat
331 3671 438 3728 Christi
456 3686 574 3724 caruem
592 3669 730 3736 credere,
757 3669 835 3726 sicut
856 3671 934 3726 idem
956 3674 1004 3728 dat
1024 3675 1053 3730 in

28 3775 101 3819 coeno
117 3750 312 3834 corporaliter
330 3760 487 3844 comedere
503 3759 626 3814 eandem
642 3773 771 3826 carnem.
804 3757 872 3814 Nec
889 3761 962 3815 duae
978 3764 1052 3817 istae

28 3849 138 3908 dationes
153 3869 223 3908 sese
247 3844 348 3904 mutuo
373 3850 541 3920 impugnant
565 3856 613 3902 aut
638 3847 775 3904 vicissim·
794 3849 973 3918 excludunt,
997 3855 1053 3909 sed

27 3942 129 4006 pulchre
145 3940 345 4007 conveniunt,
362 3938 441 4004 sicut
458 3953 527 3994 cum
542 3951 609 3994 sese
622 3935 699 4000 dedit
712 3935 879 3992 ministrum
891 3942 1051 4010 corporali.
